1679 2935
323 222 435 253 annuamus.
658 213 693 251 287

72 320 115 367 ejus,
126 330 180 365 quam
192 316 275 352 attribuit
288 315 347 351 edicto
359 313 459 350 Alexandri
468 313 586 349 patriarcha:
610 316 622 333 “
630 314 695 361 Neque

72 376 145 422 desiit,'’
157 375 223 423 inquit,
238 377 250 395 ‘¹
258 387 298 411 mos
312 374 343 410 ille
358 372 510 422 Presbyterorum
523 372 639 409 Alexandriae
654 385 696 409 oon-

73 438 162 475 stituendi
170 436 295 473 Patriarcham
303 448 325 472 cx
337 435 360 472 iis
372 433 468 472 duodecim
480 433 592 482 Preslrptcris
604 445 661 481 usque
674 434 697 470 ad

72 504 145 547 tempus
153 496 272 535 Alexandri.”
288 531 290 534 .
299 496 350 533 Male
359 500 420 533 autem
428 495 481 532 docet
488 495 576 532 Seldcnns
585 486 697 543 Eutpclriann

74 560 166 597 decretum
175 557 279 596 Alexandro
288 557 374 602 tribuere,
384 556 432 605 quod
441 556 531 602 aNiceno
539 555 620 592 Concilio
628 555 697 592 factum

74 623 101 656 est
110 620 184 656 Cancne
193 621 257 665 quarto
262 632 268 662 ,-
281 616 383 666 Eutychius
392 617 441 653 enim
449 616 506 652 tradit
515 615 646 660 Alexandrum,
660 605 697 651 non

73 683 146 716 tanturn
158 677 259 715 instituisse
268 678 379 714 creationem
390 677 501 714 Patriarelrae
513 689 546 726 per
553 677 653 725 Episcopos
665 676 697 712 sed

74 741 129 778 etiam
138 740 244 777 electionem
257 752 278 777 ex
291 739 331 776 aliis
345 752 400 789 quam
408 739 537 777 Alexandrinis
548 738 665 788 presbyteris,
675 737 697 775 de

75 814 110 850 qua
122 795 142 838 re
150 800 196 838 nihil
208 801 263 838 habet
272 801 336 838 Canon
346 801 379 837 'ille
388 801 480 838 Nicenus:
493 813 554 847 neque
564 804 614 836 recte
623 799 697 847 conjicit
707 808 709 810 ·

75 861 169 898 Cononem
179 860 232 897 illann
240 872 263 897 cx
270 864 312 897 uoto
321 860 421 897 Alexandri
434 863 465 896 aut
473 872 523 897 more
531 860 563 896 illo
572 858 697 896 Alexandrino

75 925 136 958 ortum
148 921 232 958 habuisse
238 937 244 967 3
257 921 333 958 mininie
347 921 396 958 eninr
404 921 525 958 dubitandum
534 924 562 957 est
573 920 617 969 quin
628 920 697 969 primus

76 982 145 1027 Canon,
163 982 194 1029 qui
211 981 277 1018 dicitur
293 982 413 1029 Apostolicus,
431 982 463 1017 diu
479 986 521 1018 ante
537 982 590 1017 illum
604 981 697 1018 Cononem

75 1042 168 1079 Niccnum
175 1042 259 1079 conditus
268 1043 297 1088 sit,
302 1041 416 1081 Ἐπίσκοπος
422 1040 561 1093 χειροτονείσθω
567 1040 602 1079 ὑπὸ
610 1039 698 1078 ’ariara-

76 1116 116 1139 πων
125 1100 156 1138 δύο
167 1101 178 1149 ἢ
188 1104 246 1152 τριῶν.
272 1103 332 1150 Nemo
341 1103 396 1147 enim,
409 1107 505 1150 postquam
514 1102 582 1139 Niccni
590 1102 653 1138 Patres
661 1105 698 1137 tres

76 1162 176 1209 Episcopos
185 1161 208 1198 ad
216 1161 348 1198 ordinationem
360 1162 487 1210 postulassent,
497 1162 542 1198 duos
555 1161 635 1198 sufficere
644 1160 699 1197 dixis-

76 1216 122 1265 set„
138 1221 187 1259 cuia
200 1222 248 1271 quod
264 1234 306 1271 pars
321 1222 388 1259 decreti
403 1222 425 1259 ab
439 1222 549 1260 Alexandro
560 1221 609 1267 facti,
627 1234 661 1258 nec
678 1221 702 1258 ad

78 1283 171 1320 Canonern
178 1282 272 1319 Nicenum
279 1282 317 1319 ullo
325 1282 379 1320 modo
387 1279 488 1331 pertinens,
495 1281 574 1318 maxime
582 1280 665 1317 notanda
672 1281 701 1326 sit,

79 1344 128 1394 quod
135 1344 218 1381 uideatur
223 1343 334 1393 restringere
338 1356 409 1381 morem
414 1344 511 1391 antiquum
520 1344 542 1380 de
551 1342 635 1392 eligendo
643 1342 703 1380 Patri-

79 1405 134 1441 archa
144 1412 187 1441 ‘non
202 1405 225 1441 ad
240 1405 347 1441 electionem
360 1417 371 1440 a
382 1404 498 1452 presbyteris,
515 1403 546 1439 sed
559 1416 581 1439 cx
594 1403 704 1451 presbyteris
757 1427 761 1436 2

79 1464 154 1511 factam,
164 1465 186 1502 de
193 1477 229 1513 qua
238 1464 261 1501 ad
269 1463 324 1501 verba
330 1463 441 1514 Hieronymi
450 1463 533 1501 diximus.
547 1462 650 1511 Antiquam
656 1463 704 1500 enim

76 1538 149 1576 morem
163 1525 236 1562 desiisse
251 1525 313 1570 tradit,
332 1537 353 1562 eo
369 1525 417 1573 quod
434 1525 539 1562 Alexander
560 1524 661 1561 “decrerit
677 1528 704 1569 ut,

80 1589 156 1623 vacante
164 1585 296 1630 Patriarchatu,
303 1585 391 1632 eligerent
395 1598 417 1622 ex
426 1598 532 1633 quacunque
541 1586 615 1622 tandem
624 1585 704 1632 regione,

81 1645 118 1682 sive
127 1658 151 1682 ex,
161 1645 256 1683 duodecim
269 1645 305 1682 illis
319 1645 482 1695 presbyterissae
495 1644 540 1693 aliis,
553 1645 613 1683 virum
626 1644 705 1693 aliquem

81 1708 173 1751 eximium,
188 1710 287 1754 perspectae
303 1705 404 1753 probitatis,
419 1718 498 1753 eumque
512 1706 638 1743 Patriaroharn
655 1718 705 1742 crea-

81 1766 142 1803 rdntf’
176 1765 246 1802 Electio
261 1765 318 1814 igitur
336 1764 390 1802 “viri
403 1766 503 1816 cujuspiam
522 1766 588 1813 eximii,
605 1770 705 1815 perspectae

81 1828 191 1876 probitatis”
205 1827 301 1875 antiquum
309 1839 379 1863 morem
387 1827 489 1872 evacuavit,
499 1840 535 1875 quo
544 1832 634 1876 spectasse
642 1828 704 1864 riden-

82 1892 114 1925 tur
121 1888 153 1924 illa
164 1886 340 1924 Pseudo-Ambrosii
348 1886 368 1923 in
377 1899 416 1936 cap.
425 1887 448 1923 ir.
462 1887 485 1924 ad
493 1888 589 1936 Ephesios,
604 1887 705 1936 “Denique

83 1949 131 1996 apud
144 1949 245 1996 AEgyptunr
259 1947 361 1995 presbyteri
373 1947 488 1994 consignant,
504 1948 519 1984 si
533 1942 614 1996 praesens
628 1961 667 1992 non
682 1949 705 1984 sit

82 2007 188 2056 Episcopus.
215 2006 252 2043 Sed
264 2006 306 2054 quia
315 2010 409 2055 coeperunt
418 2011 515 2055 sequentes
524 2007 626 2057 presbyteri
634 2008 707 2057 indigni

82 2067 160 2104 inueniri
167 2067 190 2103 ad
196 2067 283 2115 primatus
289 2067 383 2112 tenendos,
390 2068 487 2105 immutata
493 2071 520 2105 est
526 2069 579 2114 ratio,
586 2067 707 2118 prospiciente

84 2128 171 2173 Concilio,
181 2131 202 2165 ut
210 2141 248 2165 non
256 2128 300 2165 ordo
309 2128 342 2165 sed
350 2129 437 2166 meritum
443 2133 513 2167 crearet
521 2130 633 2178 Episcopum
640 2130 708 2168 multo-

83 2201 125 2226 rum
142 2189 256 2226 sacerdotum
271 2189 341 2238 judicio
355 2190 483 2238 constitutum,
500 2204 524 2228 ne
537 2191 624 2240 indignus
638 2195 707 2229 temere

83 2253 185 2299 usurparet,
195 2253 213 2287 et
221 2253 268 2287 esset
276 2250 340 2287 multis
349 2251 473 2289 scandalum.’'

110 2311 146 2347 Sed
159 2323 270 2359 quacunque
283 2312 306 2348 sit
319 2312 368 2348 inter
380 2313 514 2360 Hieronymum
524 2316 542 2349 et
550 2313 663 2361 Eutychiani
671 2312 707 2349 dis·
714 2320 794 2358 Argumen-

85 2371 182 2417 crepantia,
200 2383 222 2407 er
239 2374 328 2422 “summa
341 2372 385 2408 rei”
399 2373 426 2408 ita
440 2372 521 2420 disputat
533 2373 567 2408 Vir
582 2359 786 2426 doctissimusqlffiffl}

86 2430 187 2478 “Ignatius
200 2434 255 2478 negat
267 2431 306 2467 sine
317 2432 405 2479 Episcopo
415 2432 511 2479 quicquam
518 2432 627 2468 faciendmn.
652 2433 708 2481 Apud
715 2438 794 2471 sumptum.

85 2490 213 2528 Alexandriani
221 2490 327 2538 presbytcri,
337 2491 376 2542 sine
384 2491 479 2539 Episcopo,
488 2503 526 2528 non
532 2494 607 2530 tantum
614 2492 707 2540 presbyter

85 2562 132 2596 rum,
142 2551 242 2596 sedetiam,
252 2550 300 2598 quod
308 2550 413 2595 maximian,
422 2550 547 2587 Patriarelrani
555 2551 630 2588 faciunt.
642 2551 708 2589 Nesci-

85 2610 111 2658 uit
120 2623 162 2658 ergo
171 2611 283 2648 Alexandria
291 2611 402 2647 contrarium
413 2601 468 2647 usum
481 2624 568 2649 asserere
577 2604 708 2661 Apostolicunr.

86 2669 181 2718 Ignatium
189 2685 232 2721 ergo
240 2672 360 2721 Epistolioum
367 2676 433 2709 notum
441 2685 479 2709 non
487 2672 543 2710 habui
552 2674 569 2710 .'’
