1679 2935
241 190 344 224 'venatorias
357 196 433 224 smiles
445 196 468 224 ET
479 180 591 226 inundatos.
693 193 727 228 lOl

106 287 200 324 venditata
213 300 224 324 a
239 288 344 325 Curetono:
363 287 399 324 nisi
412 288 473 336 potius
488 288 609 325 Petermanno
624 289 729 327 accedamus

107 348 188 385 credenti
195 348 303 386 Versionem
311 348 440 386 Armeniacam
452 353 465 385 e'
475 350 549 398 Syriaca
562 350 670 387 translatam
682 363 729 387 uon-

107 408 151 444 dum
167 409 219 445 finito
235 409 299 445 saeculo
315 402 384 456 quinto.
398 406 459 458 (Praef.
473 423 490 457 p.
499 411 546 457 xxv.)
562 411 645 458 Utraque
657 411 728 457 Versio,

104 469 166 518 judice
178 469 305 517 Petermauno,
318 466 405 507 nontres
418 472 497 516 tantum,
507 475 561 520 prout
570 472 662 509 Curetono
671 472 729 510 visum

107 533 140 576 est,
157 530 189 567 sed
204 530 292 568 tredecim
306 530 402 579 Epistolas
411 528 460 580 ‘qua
473 529 573 568 etiamnum
586 531 606 568 in
620 533 730 571 Armeniaca

107 595 185 637 exstant,
195 592 217 628 ab
225 591 279 628 initio
288 592 445 639 complectebatur.
469 595 480 611 “
486 593 592 629 Communis
601 594 729 631 Armeniorum

106 652 198 697 traditio,’'
208 652 239 698 ait,
249 652 384 700 “interpretem
396 656 480 692 nostram
492 653 559 692 saeculo,
565 653 629 702 qiiinto
637 654 718 691 vindicat
723 670 729 701 ς

106 725 141 749 nec
148 712 220 749 videtur
230 710 328 761 quidquam
336 708 422 749 Versioni
430 714 495 759 inesse,
505 714 553 762 qnod
561 714 604 750 huic
612 714 693 763 opinioni
701 727 729 752 re-

106 769 182 823 pugnet
200 775 262 812 Sermo
272 774 321 812 enim
328 774 453 822 Armeniacus,
461 774 476 812 si
485 788 506 813 ea
515 775 610 825 exceperis,
618 788 657 825 quae
666 776 729 814 seriori

107 839 188 885 tempore
200 833 316 885 irrepserunt,
331 848 387 885 purus
405 840 432 872 est
447 839 465 872 et
478 837 506 873 illi
521 838 585 874 saeculo
600 831 728 885 respondens.⁷'

105 897 172 934 'Parem
185 887 295 934 vetustatem
310 894 373 934 asserit
391 897 407 941 J,
421 898 444 935 B.
457 897 531 935 Aucher
545 897 631 946 Martyrii
644 898 729 936 Versioni

106 958 224 1004 Armeniacae,
234 957 274 1007 quae
285 962 348 995 tamen
359 951 400 995 111111
410 959 487 995 Suriano
496 963 514 996 et
523 952 644 996 Bollandiano
656 960 729 1009 penitus

105 1020 195 1067 congruit.
221 1020 269 1056 Eieri
278 1011 351 1067 paridem
362 1013 428 1067 potest,
436 1023 458 1055 ut
472 1020 535 1067 quinto
549 1018 586 1056 siue
599 1023 650 1057 sexto
664 1021 729 1057 saeculo

107 1083 176 1128 septem
191 1079 260 1127 priores
277 1079 368 1127 Epictetus
384 1078 482 1114 Armenius
500 1076 627 1115 transtulerit.
649 1083 728 1127 caeteras,

107 1153 163 1189 quum
171 1141 211 1176 null
212 1153 222 1177 o
204 1139 284 1176 lmodc
297 1138 369 1188 probari
381 1139 439 1187 possit
450 1151 480 1175 eas
495 1140 539 1176 adeo
552 1137 640 1197 mature
635 1153 655 1177 tn
665 1141 729 1178 Graeco

106 1201 149 1237 vel'
144 1214 164 1237 m
175 1200 210 1237 alio
219 1212 301 1237 sermone
313 1195 359 1236 cisti
353 1199 408 1255 111111,
418 1200 537 1236 arecentiore
545 1194 601 1236 manu
610 1191 681 1237 additas
690 1214 728 1238 ore-

62 1305 66 1315 4
107 1250 467 1299 [1111111111Ν111111111111111111111111111
476 1261 573 1309 septimum
581 1262 656 1309 reperiri
663 1266 728 1310 potest

106 1322 137 1371 qui
149 1322 177 1360 vel
189 1334 246 1359 unam
253 1322 282 1358 vel
295 1322 371 1358 leram
384 1333 406 1357 111
418 1320 447 1358 his
461 1334 493 1358 111
504 1324 545 1370 post
537 1321 633 1359 tertoribus
641 1322 694 1372 Epist
686 1323 728 1361 tolis

107 1383 190 1431 agnovit3
207 1381 255 1430 (Vid.
267 1382 352 1418 Pearscn.
365 1382 385 1418 in
397 1382 476 1418 Prooern.
489 1382 541 1430 civ.)
553 1387 572 1419 et
581 1383 688 1429 Curetonus,
698 1385 729 1432 qui
744 1425 747 1435 ἱ

105 1444 166 1480 nescio
176 1443 240 1491 quibus
248 1441 349 1479 rationibus
358 1441 393 1484 sibi
401 1443 510 1490 persuaserit
523 1455 585 1480 omnes
594 1438 681 1480 tredecim
689 1445 729 1493 pari

106 1504 213 1555 auctoritate
225 1499 266 1549 11111,
278 1494 327 1540 inter
340 1503 414 1551 Syriaca
427 1502 499 1550 Scripta
510 1515 548 1539 non
559 1503 630 1540 invenit
641 1503 678 1539 nisi
689 1517 728 1542 unc

106 1564 172 1601 Codice
187 1563 248 1601 saeculi
264 1563 329 1600 decimi
345 1576 404 1600 unum
419 1563 480 1600 locum
497 1577 507 1600 a
523 1564 568 1613 Syro
585 1557 689 1613 excerptum
706 1578 728 1602 11

105 1625 186 1673 Epistola
195 1625 217 1662 ad
226 1616 328 1662 Tarsenses.
339 1624 399 1672 (Oorp.
409 1625 450 1672 ign.
459 1638 476 1671 p.
484 1616 557 1672 3111.)
597 1654 598 1657 η

130 1686 200 1723 Saeculo
213 1685 295 1733 septimo,
308 1688 395 1721 monente
408 1684 512 1722 doctissimo
519 1685 583 1722 :Mica
594 1685 621 1722 Le
632 1685 698 1731 (darien,
708 1692 727 1723 et

104 1746 245 1796 suffragantibus
263 1744 302 1782 aliis
316 1744 366 1782 Viris
380 1742 444 1792 doctis,
460 1744 589 1783 adscribendus
604 1750 632 1783 est
645 1746 726 1795 locuples

105 1807 180 1855 quidem
191 1802 249 1851 testis,
258 1798 366 1854 Anonymus
379 1805 410 1842 illc
422 1806 508 1854 Scriptor‚
518 1806 549 1854 qni
557 1807 630 1854 collegit
639 1808 728 1848 Parallela

105 1862 254 1917 Rupefnealdina.
274 1857 338 1904 vHunc
346 1872 384 1904 non
396 1880 435 1904 esse
446 1863 582 1904 Damascenum
594 1867 658 1915 probat
671 1868 727 1905 Quie-

104 1943 146 1974 nus,
162 1929 209 1976 quod
227 1929 271 1966 crdo
288 1933 306 1965 et
322 1928 419 1965 titulorum
435 1928 482 1965 ratio
499 1929 520 1965 in
535 1929 564 1964 his
579 1923 673 1965 Parallelis
688 1942 727 1966 nou

104 1988 201 2037 respondet
208 1988 314 2025 Praefationi
322 1989 432 2026 Damasceni
436 2004 441 2034 ;
456 1988 534 2026 eundem
547 1988 580 2025 sub
594 1989 680 2025 Heraclio
688 1989 727 2026 Im·

103 2053 187 2098 peratore
201 2049 299 2099 scripsisse,
312 2052 330 2086 et
343 2052 385 2098 post
377 2046 468 2086 tcladem
481 2045 613 2098 Hierosolymis
626 2047 726 2087 aOhosroe

103 2110 143 2147 illat
125 2114 174 2147 atam
185 2119 221 2147 Ad).
231 2113 273 2157 614,
286 2109 384 2167 duobus
369 2123 408 2160 ejus
421 2110 493 2147 scholiis
507 2110 572 2165 allatis,
588 2110 672 2146 ostendit.
698 2110 726 2147 Ut

46 2199 48 2202 .
103 2171 160 2220 igitur
176 2162 328 2208 testimoniorum
336 2171 391 2208 series
405 2170 490 2207 omnihus
503 2162 584 2207 numeris
597 2169 668 2207 absolut
660 2172 680 2206 ta
693 2170 725 2218 sit,

75 2249 77 2258 ¹
104 2234 173 2282 Ignatii
185 2234 230 2280 loca,
245 2246 285 2281 quae
298 2233 397 2281 congessit,
407 2224 544 2272 exscribimus.
557 2232 624 2278 Primo,
634 2245 656 2269 ex
666 2232 725 2280 Epist.

98 2294 127 2329 vad
136 2286 230 2342 Ephesios,
245 2296 287 2338 (1.5,
301 2292 370 2338 Μηδεὶς
382 2292 494 2346 etcaduca.
516 2291 561 2329 Ἐὰν
570 2291 599 2340 ’μὴ
613 2291 663 2332 ἐντός
675 2292 725 2341 τιςῇ

103 2353 135 2391 τοῦ
149 2352 308 2404 θυσιαστηρίου,
299 2355 415 2428 υστερεῖτρι
413 2370 446 2392 του
437 2344 516 2429 ὰρτορ
528 2354 560 2391 τοῦ
574 2354 627 2392 (deod.
651 2352 713 2391 Εἰ
688 2369 725 2404 ηαρ

104 2412 141 2452 ἑυός
154 2412 185 2449 καὶ
198 2412 280 2464 δευτερου
292 2412 387 2464 προσευχὴ
398 2412 491 2471 τοσαύτην
499 2413 554 2464 ἰ’σχυυ
563 2412 605 2465 ἔχει,
614 2412 668 2462 πόσῳ
676 2414 725 2470 pada-

102 2473 155 2511 λη’
144 2491 155 2522 η
164 2488 184 2512 τε
192 2476 224 2511 τοῦ
232 2474 335 2512 ἐπισκόπου
346 2474 377 2511 καὶ
389 2474 452 2531 πάσης
464 2489 496 2522 της
505 2473 613 2519 ἐκκλησίας,
626 2472 680 2510 Ο
659 2488 690 2510 ουυ
698 2473 724 2522 μὴ

104 2534 199 2585 ἐρχόμενος
214 2532 245 2572 ἐπὶ
259 2533 280 2572 τὸ
297 2533 346 2577 αυτό,
363 2532 414 2574 caros
430 2533 463 2582 ἠδη
481 2533 596 2585 υπερηφαυεῖ,
613 2532 644 2571 καὶ
661 2533 724 2571 εαυτόυ

103 2593 193 2648 διακρίνει·
208 2595 310 2648 ηέηραπται
322 2594 346 2632 δέ·
357 2593 490 2647 ’Τπερηφάυοις
503 2594 513 2633 ὁ
527 2593 572 2636 Θεὸς
586 2593 721 2633 ἀντιτάσσεται.

102 2656 157 2703 Alibi,
167 2670 189 2695 11
197 2658 265 2705 eadem,
275 2671 289 2695 c.
299 2649 343 2704 5‚''6,
352 2655 489 2706 Σπουδάσωμεν
502 2655 527 2706 μὴ
533 2674 534 2677 ’
541 2654 684 2694 ἀντιτάσσεσθαι
696 2656 722 2705 τῷ
