1747 2957
189 191 225 229 188
380 179 510 231 'inarmonmu
523 202 536 230 s.
546 202 614 230 iurum

189 293 327 331 similitudinem
336 295 359 331 al)
368 295 443 344 antiquo
452 294 538 344 scriptore
547 297 647 331 mutuatur.
673 292 720 331 Cum
733 293 810 343 prolixas

189 354 251 405 ῥήσεις
259 369 281 393 ex
285 356 456 394 Valentinianorum
465 356 535 405 seriptis
543 356 613 402 recitat,
621 357 648 393 ita
656 355 746 404 praefatur,
754 354 810 392 Τοῦτο

189 415 276 453 πείθουσι
291 418 332 456 τοῦς
349 415 438 463 ἀνοήτους,
456 414 518 457 αὐτοῖς
533 415 598 463 λέξεσι
613 414 698 464 λέγοντες
715 414 774 457 οὕτως,
792 418 811 450 et

189 475 273 524 Ἰωάννην
289 476 320 516 τδν
336 477 418 527 μαθητὴν
434 478 465 515 τοῦ
482 476 551 529 Κυρίου
566 475 673 515 διδάσκουσι
689 476 722 526 τὴν
737 473 811 527 πρώτην

189 538 267 587 ὀηδοάδοι
279 538 403 588 μεμηνυκέναι,
416 539 478 579 αὐτοῖς
488 539 553 588 λέξεσι
563 538 646 587 scalares
658 538 718 581 oleos,
730 541 748 576 et
760 536 811 574 Φασὶ

190 598 209 637 δὲ
221 599 270 638 οὗτοι
283 600 306 640 eis
316 599 346 637 ἐπὶ
355 599 375 637 τά
384 599 500 650 ὑψηλότερον
513 599 543 637 καὶ
555 599 700 651 ηνωστιιιώτερον
712 596 811 637 ἐπεκτεινό-

189 676 240 708 μενοι
253 660 285 708 την
296 659 370 711 πρώτην
383 659 461 710 τετράδα
473 658 533 707 οὕτως,
548 666 567 698 et
578 659 721 711 Πιινυττερτάτην
734 657 812 709 τετράδα
862 671 865 674 ⁴

189 722 247 770 τιῡτιρ
256 719 304 769 μόνῳ
313 718 437 766 διηηήσιισθσι
445 718 500 759 οὕτως
509 718 602 757 εἰποῦσάν.
619 721 660 757 lma
669 721 812 769 quotiescunque

189 780 267 828 aliquam
277 779 386 816 sententiam
395 780 512 828 exscriptore
525 780 585 828 aliquo
598 781 691 817 Irenaeum
704 781 767 817 citasse
780 779 812 817 ol-

189 840 264 885 servari,
281 852 352 888 semper
369 852 411 876 eum
423 852 487 876 vocem
502 840 553 876 illem
571 840 623 886 alluit,
639 853 734 888 uunquam
751 844 812 877 autem

190 900 265 937 alteram
286 901 359 948 scripsit
379 899 475 949 usurpasse
491 899 616 937 animadverti.
642 900 721 937 Nullum
738 901 812 937 omnino

189 962 250 998 locum
259 974 269 998 e
278 960 368 999 contrario
381 960 455 998 adducit
467 961 552 1007 Daliaeus,
564 974 623 998 unum
636 961 708 1009 quidem
716 961 812 1006 Parnasus,

190 1022 221 1058 sed
237 1022 366 1059 infelicissime.
393 1022 443 1058 Nam
460 1021 525 1070 iuquit
553 1022 617 1058 “Cum
634 1022 747 1058 Clementem
763 1021 812 1066 citat,

189 1082 248 1119 utitur
260 1082 294 1118 hac
305 1075 350 1118 voce
361 1081 493 1118 SCRIPSIW
520 1080 556 1118 Sed
566 1081 656 1131 quomodo
669 1095 729 1131 quaeso
741 1077 813 1119 urium?

190 1143 252 1181 Verba
269 1144 307 1192 ejus
322 1146 365 1180 sunt
381 1143 414 1181 lib.
422 1143 449 1180 iii.
463 1155 501 1192 cap.
511 1145 528 1181 3,
555 1143 591 1180 Sat
608 1144 640 1180 Ιιοο
657 1144 712 1191 lytlan·
728 1143 814 1180 Clemente

191 1205 263 1252 scripsit
272 1216 309 1252 quce
318 1204 409 1241 estRomce
415 1204 497 1241 Ecclesia
501 1206 635 1252 potentissimas
644 1206 705 1241 literas
712 1204 813 1241 Cariatliils.

192 1266 250 1301 Nulla
262 1265 292 1301 hic
306 1265 397 1301 sententia
410 1264 482 1309 citatur,
491 1265 559 1301 nullius
572 1265 650 1301 auetoiis
658 1265 785 1302 testimonium
792 1276 815 1300 ex

193 1326 231 1373 ejus
240 1325 312 1373 scriptis
325 1325 427 1369 adducitm,
436 1338 460 1361 ne
469 1325 553 1361 Clemens
566 1324 640 1373 quidem
652 1329 740 1372 tanquam
753 1329 815 1360 auctor

193 1386 296 1431 advocatm,
313 1389 387 1423 tantum
408 1385 441 1422 sub
458 1385 552 1422 Clemente
573 1385 641 1434 scripta
658 1385 714 1422 fuisse
733 1385 815 1433 Epistola

148 1468 152 1474 κ
193 1446 269 1489 dicitur3
284 1447 332 1494 quod
341 1446 363 1482 ad
371 1459 410 1483 rem
418 1446 470 1482 nihil.
484 1447 559 1482 Frustra
567 1446 623 1493 igitur
631 1445 716 1495 objicitur
724 1447 815 1483 Irenaeum

103 2060 178 2088 Commen-

103 2099 136 2125 tum
142 2096 160 2125 de

103 2134 162 2171 Apoph-

103 2172 180 2208 thegmuti·

103 2210 130 2238 bus
136 2209 158 2245 Ig-

102 2248 144 2277 natii.

194 1506 267 1554 quidem
274 1506 338 1542 testari
347 1506 457 1543 sententiam
465 1506 513 1542 hane
521 1506 616 1553 Iguatium
627 1506 698 1551 cltellae,
707 1519 745 1543 non
754 1503 823 1544 autem*

192 1567 289 1614 sculpsisse,
304 1579 345 1603 cum
359 1567 391 1604 ille
405 1579 500 1615 nunquam
514 1567 567 1603 aliter
579 1567 664 1615 loquatur
678 1568 747 1615 quotics
760 1568 815 1604 verba

193 1627 253 1676 aliqua
261 1639 271 1663 e
279 1628 368 1664 Veterum
376 1626 427 1664 libris
437 1627 487 1664 citet.
512 1627 595 1664 Eandem
603 1627 660 1675 igitur
668 1627 705 1665 vim
713 1628 734 1664 in
742 1632 814 1665 senten-

192 1688 223 1724 tiis
232 1688 321 1725 Veterum
333 1687 431 1737 recitandis
444 1687 511 1724 habere
527 1687 580 1724 debet
595 1688 642 1736 apud
657 1689 748 1725 Irenaeum
762 1689 813 1735 ellat,

194 1762 248 1797 quam
256 1749 314 1785 habet
324 1748 372 1797 apud
385 1749 434 1794 alios,
443 1749 550 1797 plerumque
559 1749 611 1794 ellel,
620 1761 752 1796 nonuunquam
760 1750 816 1795 scrip-

193 1811 222 1847 sit.
248 1810 276 1847 Ut
289 1809 349 1847 dicere
361 1812 399 1847 uon
407 1822 500 1859 vereamur
513 1821 555 1847 cum
563 1809 639 1855 Dallaeo,
649 1809 713 1859 fossae
721 1810 765 1847 citat
774 1823 816 1848 cum
846 1816 848 1818 ’

193 1871 270 1908 totidem
278 1870 337 1909 verbis
349 1870 369 1908 iu
380 1871 462 1920 Epistola
475 1871 498 1908 ad
511 1871 603 1908 Romanos
616 1871 714 1918 Ignatiaua
726 1872 816 1918 legantm,

193 1931 279 1968 frivolum
293 1934 311 1966 et
325 1931 410 1978 ineptum
424 1935 451 1967 est
464 1943 486 1967 ea
499 1931 572 1968 aliunde
585 1943 640 1979 quam
653 1943 676 1968 ex
688 1930 723 1968 hac
735 1930 817 1979 Epistola

196 1991 251 2028 citata
259 2004 297 2028 esse
305 1990 410 2028 hariolari.'⁷
643 2000 645 2002 ·
758 2001 761 2005 ’

221 2053 256 2088 lile
270 2057 333 2087 tamen
349 2052 409 2088 adhuc
424 2053 530 2089 “aliunde’'
544 2053 584 2089 vult
598 2054 637 2090 haec
650 2053 719 2101 ignatii
733 2052 817 2090 habuisse

197 2112 294 2156 Irenaeum,
303 2123 369 2159 nempe
377 2124 399 2147 ex
407 2110 602 2159 Apophthegmatibus‚
610 2126 650 2160 quae
657 2114 686 2149 vel
695 2126 705 2148 a
712 2114 816 2161 Polycarpo,

197 2173 226 2208 vel
239 2185 261 2207 ex
273 2171 316 2219 ipsis
324 2171 411 2218 Martyiii
419 2172 471 2206 Actis
480 2172 548 2206 discere
560 2173 624 2219 potuit.
650 2173 740 2219 Epistulas
749 2173 818 2219 Ignatii

198 2233 264 2281 ubique
272 2231 355 2280 legimus,
364 2230 524 2279 Apophthegmata
532 2221 628 2278 nusquam.
657 2231 710 2268 Solus
718 2232 817 2277 Maximus,

196 2294 229 2331 tali
238 2295 346 2342 argumento
354 2304 432 2341 pressus,
442 2291 491 2341 quali
498 2304 549 2329 nunc
556 2292 645 2341 premitur
652 2292 736 2339 Dallaeus,
743 2292 818 2342 Apoph-

196 2356 290 2405 thegmata
299 2353 401 2400 somniavit.
420 2355 438 2391 A
447 2353 546 2403 Polycarpo
555 2353 639 2391 collectas
647 2353 737 2402 Epistolas
746 2354 818 2401 scimus,

196 2419 218 2456 ab
231 2418 262 2455 illo
276 2417 394 2455 disseminata
407 2415 568 2466 Apophthegmata
579 2415 696 2465 ignoramus'5
708 2415 729 2452 in
737 2416 818 2465 Epistola
864 2452 866 2461 ι

196 2480 315 2528 aPolycarpo
328 2479 377 2517 edita
389 2478 499 2516 sententiam
507 2464 571 2527 ipsein,
581 2490 636 2525 quam
643 2477 818 2524 laudavit'lrenaeus,

195 2541 298 2577 invenimus
303 2555 308 2585 ;
322 2552 360 2576 non
368 2552 412 2588 opus
421 2543 449 2576 est
458 2539 481 2576 ad
489 2540 557 2575 famam
565 2549 663 2582 recurrere,
673 2537 740 2573 crimin
747 2539 818 2587 scriptis

195 2605 289 2639 teneamus
294 2615 300 2646 3
309 2603 328 2637 et
337 2599 499 2649 quomodocunque
507 2601 570 2648 postea
577 2603 665 2646 usurpata
672 2597 700 2643 sit,
708 2610 730 2635 er
736 2598 819 2646 Epistola
865 2627 867 2629 .

195 2662 280 2699 liaustam
289 2674 327 2698 non
336 2661 445 2699 dubitemus.
471 2661 579 2698 Nullasunt
588 2659 656 2708 Ignatii
665 2660 819 2709 apophthegmata
840 2659 843 2666 '
