1747 2957
159 175 195 211 248
305 184 414 218 amrmoma
426 183 578 221 scusisosronr,
591 183 630 210 mc.

160 280 188 313 est
196 275 253 325 igitur
262 276 285 314 de
293 277 427 327 interpolatore
436 278 548 327 conjectura3
557 272 690 323 Testimonium
698 275 782 310 nostrum

161 337 235 387 abipso
249 338 304 388 hujus
313 338 405 376 Orationis
418 339 497 376 Auctore
509 336 601 386 prolatum
613 338 651 381 est3
665 333 747 383 Epistola
760 334 783 372 ad

161 398 282 447 Polycarpum
289 410 328 435 non
337 399 476 447 alrimpostore,
485 397 516 434 sed
526 398 544 434 S.
551 395 625 445 ignatio
633 395 700 443 scripta
708 398 741 431 est.

162 487 460 528 neque,utopinor,reperiripoterit.Ne·
484 487 521 525 gia?
540 495 584 526 quove
600 485 661 524 Oyrillns
676 484 720 515 Alex:
735 484 784 514 docuit

162 535 189 562 quc
195 527 212 555 id
218 528 308 563 incognitum
313 528 341 564 ipsi
348 526 425 561 Pearsono;
435 529 461 565 qui
485 527 555 563 Martyris
564 527 644 563 προσκυνεῖν
653 526 730 561 ripamaris,
741 523 783 561 (Adv.

162 564 178 592 iu
183 564 236 602 Itxpos.
243 565 370 602 Symbolhrtiii.
376 568 406 595 not.
412 566 461 595 detes·
485 565 494 594 J
496 566 539 594 alian.
550 565 575 594 lib.
582 564 607 600 si.)
618 563 685 600 judicent
694 562 724 591 alii.
743 562 784 590 (iom-

162 602 202 631 tibus
215 603 258 639 agens
269 612 277 632 a
288 604 342 640 Gyrillo
352 605 399 633 allatis
411 606 461 633 contra
485 604 540 640 paratio
547 604 585 632 enim
596 602 617 630 ibi
626 602 643 630 fit
653 602 669 630 B;
676 600 742 636 Virginis
751 607 784 643 cum

163 639 251 676 Nestorium,
256 650 327 671 excomm
332 650 392 671 numero
397 650 426 670 non
432 643 461 671 nisi
486 642 525 678 Sara,
538 642 605 676 Rebecca,
619 640 689 673 Debborae
702 640 716 667 et
728 639 784 667 creterra

162 678 191 706 tr‘es
197 680 218 706 ait
224 679 318 714 B.Virgiuem
327 680 402 707 hoctitulo
409 680 461 708 diserte
486 679 584 708 lsraelitarum
590 679 664 712 matribus,
671 686 730 713 quarum
736 675 785 704 laudes

155 716 252 750 ,nominasseJ
265 716 366 749 Athanasium,
379 725 397 744 sc.
411 717 461 744 Antio-
486 717 555 744 varietate
564 716 639 744 verborum
650 714 733 752 praedicans,
744 714 760 741 in
769 720 785 740 ea

162 752 209 786 chum,
221 754 235 779 et
246 753 337 780 Ammonem.
356 752 397 785 Quod
407 753 420 780 si
430 753 461 781 haec
476 756 520 781 'voce
528 754 586 788 desinit,
593 761 625 789 quae
634 761 705 780 summam
714 752 753 779 inter
761 750 785 779 ho·

162 789 227 818 Homilia
232 792 295 828 tempore
301 789 315 819 S.
321 789 371 827 Opilii
377 790 461 827 exstitisset,
485 792 532 820 mines
535 791 602 820 adversus
608 791 674 820 homines
678 790 785 819 venerationem

162 828 206 857 latere
215 829 263 857 virum
271 831 301 858 tam
308 829 393 865 diligentem
402 829 429 858 vix
437 838 461 867 po·
485 828 559 865 designare
565 829 604 858 solet

162 866 216 894 tuisset.
503 867 553 895 Fuisse
565 866 634 904 quosdam
646 866 706 895 antehac
718 866 734 894 iu
747 865 785 894 noch.

171 904 247 934 'Pearsoni
256 905 292 934 mite
299 904 371 942 judicium
378 905 395 935 de
404 904 461 935 Sancto·
485 904 566 941 Anglicena
575 905 685 940 concionatores,
691 904 716 941 qul
725 904 785 933 titulum

162 951 195 970 rum
207 943 301 978 invocatione,
313 943 354 979 (Opp,
365 944 401 972 liin.
411 945 438 972 vol.
445 945 461 972 ii.
485 943 554 972 Dominae
560 947 612 972 costroe
621 952 650 971 nou
659 943 746 977 refugerunt,
755 951 785 974 uon

162 988 176 1015 p.
183 980 211 1017 54)
221 989 263 1008 nemo
269 982 286 1008 in
295 981 381 1017 antiquitate
387 981 462 1009 Ecclesias-
486 980 558 1009 diffiteor:
571 980 611 1017 (Vin.
622 980 668 1008 Marci
676 979 729 1007 Frank.
740 980 785 1008 Serm.

108 1032 110 1037 ν
163 1017 192 1048 tica
203 1017 294 1048 mediocriter
302 1021 366 1048 versatus
375 1027 405 1049 non
413 1019 463 1055 proha·
486 1018 527 1056 xxx.)
533 1019 585 1048 rectius
589 1019 637 1047 tamen
642 1016 713 1047 decodem
719 1018 786 1051 statuere,

163 1055 189 1084 bit
209 1054 238 1084 Hie
247 1058 296 1086 autem
305 1056 382 1093 quaerimus
391 1056 409 1086 dc
419 1057 461 1093 facto,
487 1056 556 1094 quinihil
565 1056 710 1095 primitivumsapere
720 1055 786 1085 arbitrati

164 1102 183 1123 an
189 1095 205 1123 id
211 1096 255 1124 moris
262 1099 298 1125 esset
305 1096 404 1132 Chrysostomo
411 1096 427 1125 iu
433 1096 462 1125 Ho·
487 1097 525 1131 sunt,
531 1096 569 1125 mihi
575 1104 604 1125 non
611 1095 675 1124 dubium.
695 1094 734 1131 (Vidi
741 1094 786 1124 isaaci

164 1133 210 1162 miliia
219 1133 273 1162 hortari
282 1142 315 1162 suos
324 1136 341 1161 nt
351 1135 370 1163 ad
378 1135 462 1163 Sanctorum
487 1134 548 1169 Barros,
555 1134 599 1163 Serm.
607 1134 623 1162 in
629 1133 692 1170 Symboi
700 1134 745 1170 xxiv.)
765 1132 787 1165 Ut

164 1172 226 1206 tutelam
233 1172 250 1199 in
259 1172 301 1200 rebus
308 1172 361 1208 asperis
367 1173 462 1208 couhrgerent.
487 1172 532 1200 finem
539 1172 595 1206 faciam,
602 1171 684 1199 Homiliam
692 1171 730 1199 haue
738 1170 756 1199 de
761 1170 787 1198 ic-

166 1207 201 1241 Quee
206 1208 268 1237 citantur
273 1208 337 1238 erHom,
342 1210 421 1239 latiatim
429 1211 463 1246 iii,
488 1209 559 1245 gislatore,
573 1210 604 1247 jam
618 1209 708 1246 aliquantum
721 1209 787 1245 corrupta

167 1246 464 1284 izi-lominGenesinsliv.§§1,2;etsi
489 1247 556 1276 ltcclesias
573 1247 638 1276 doctrina
651 1246 724 1283 scriptam,
739 1246 787 1281 arguit

167 1284 202 1318 quid
211 1284 251 1311 aliud
257 1288 278 1312 est
287 1285 361 1320 ejusmodi,
367 1295 386 1313 ex
395 1286 464 1313 sermonis
488 1286 548 1313 materia
557 1285 611 1320 pariter
619 1294 636 1312 ac
643 1285 677 1319 styli
684 1293 733 1318 genus.
752 1284 787 1316 Quae

167 1322 235 1350 contextu
244 1321 263 1350 ad
269 1329 317 1358 preces
326 1321 386 1350 fratrum
397 1322 413 1350 in
422 1323 464 1351 terris
489 1321 507 1350 de
513 1322 569 1351 turbato
578 1321 638 1358 Imperii
648 1322 687 1350 statu
697 1320 750 1349 Auctor
760 1328 790 1349 ser-¹

167 1358 245 1394 agentium,
256 1360 304 1395 potins
315 1369 357 1396 quam
367 1360 386 1389 ad
396 1362 464 1395 mortuos,
489 1360 529 1388 moni
538 1360 621 1393 immiscuit,
630 1359 678 1388 omnia
687 1360 721 1387 sunt
728 1359 787 1393 incerta,

167 1396 240 1426 referenda
246 1400 283 1427 suut.
302 1397 324 1426 De
331 1398 413 1435 B.Virgiuis
419 1401 465 1436 patro·
489 1399 504 1427 et
514 1398 532 1427 ed
541 1398 605 1428 Heraclii
614 1399 679 1434 tempora
688 1396 734 1433 magis
745 1405 788 1435 quam

167 1435 205 1464 cinio
211 1435 257 1464 altum
261 1436 298 1473 apud
303 1435 419 1473 Chrysostomum
424 1437 466 1466 silen·
489 1435 548 1465 Arcadii
554 1436 622 1474 respicere
628 1437 692 1473 possunt.
793 1471 794 1474 Ἴ

166 1473 207 1502 tium.
311 1474 312 1477 ’
508 1475 554 1503 'lestis
567 1477 588 1504 est
599 1474 645 1511 igitur
655 1474 679 1502 hic
689 1473 747 1509 Auctor,
758 1473 788 1503 sive

185 1511 220 1545 oue
224 1510 242 1540 de
248 1511 306 1549 hujusce
311 1513 358 1541 cultus
363 1512 444 1542 invectione
448 1513 465 1542 in
489 1514 541 1550 quinti,
551 1514 580 1543 sive
587 1513 629 1549 sexti,
638 1513 668 1542 sive
677 1513 721 1541 etiam
729 1513 788 1550 septimi

166 1548 244 1579 Ecclesiam
263 1559 281 1579 ex
296 1550 356 1585 Irenaeo,
372 1551 464 1585 Tertulliano,
490 1552 546 1586 saecum
560 1559 589 1581 non
601 1551 713 1587 chrysostomus.
732 1551 787 1579 illrum

166 1587 324 1623 Pseudo-Nazianzeno,
334 1588 382 1616 afferri
388 1588 439 1623 solent,
448 1597 465 1617 ca
489 1596 527 1624 sane,
540 1589 578 1625 quod
590 1596 632 1616 nemo
644 1588 683 1616 inter
694 1589 717 1616 toi
728 1587 789 1616 Griticos

166 1624 201 1653 adeo
207 1625 274 1653 tractavit
284 1625 338 1660 Bullus,
348 1625 393 1654 Serm.
400 1625 424 1660 in,
434 1626 465 1654 alii·
489 1626 575 1662 Obseruauit,
590 1625 651 1654 eundem
665 1625 747 1661 Auctorem,
763 1626 788 1662 qui

166 1671 193 1699 que
199 1662 237 1690 Itch
243 1663 328 1699 Anglicanae
335 1664 387 1701 optimi
396 1664 464 1700 doctores,
489 1664 538 1693 laudat
548 1664 627 1701 Ignatium,
640 1664 695 1701 Ignatii
707 1664 788 1693 doctrinam

165 1701 262 1730 utneminem
270 1702 312 1730 hodie
321 1704 398 1731 morentur.
419 1701 465 1738 Origi·
488 1702 573 1740 improbare,
590 1700 791 1740 Quodeuimait,nonopor·'

166 1739 465 1776 nemirarithaecreligioqunmprlmum,
489 1742 519 1769 tere
531 1742 571 1778 loqui
583 1740 665 1770 carminibus
677 1739 762 1777 eccopitotis
770 1740 789 1770 de

166 1776 234 1805 Nestorio
243 1778 323 1814 profligato,
333 1778 349 1807 Β,
356 1778 422 1815 Virginis
433 1778 465 1807 Dei·
490 1777 551 1814 Christo,
558 1777 631 1815 ἀγέννητος
637 1778 659 1807 καὶ
664 1779 734 1814 γεννητὸς,
740 1788 753 1806 κ.
757 1788 770 1807 τ.
774 1784 788 1808 λ.

166 1823 205 1851 perae
211 1814 260 1844 laudes
267 1815 311 1844 nimis
321 1816 382 1845 incautis
390 1817 465 1854 praeconiis
490 1824 501 1845 c.
509 1818 521 1846 5.
528 1817 554 1845 sub
561 1817 586 1845 liu.
593 1815 633 1853 (tom.
638 1816 657 1845 vl.
662 1817 689 1845 482
696 1816 710 1845 d.
717 1815 788 1847 edParis.

166 1853 244 1881 efferebant
250 1854 332 1882 orthodoxae
341 1854 375 1883 fidei
381 1854 465 1883 defensores.
490 1855 536 1891 1835)
549 1863 565 1883 eo
577 1854 620 1882 modo
631 1854 671 1889 loqui
681 1854 723 1882 docet
731 1862 758 1882 nos
767 1854 789 1890 lg-

166 1890 224 1918 Primus
232 1890 290 1920 Proelus
297 1890 335 1926 G.P.,
341 1891 379 1927 quod
385 1891 434 1926 sciam,
440 1891 466 1927 raia
489 1891 542 1925 natins,
557 1892 587 1921 loco
602 1891 654 1920 celebri
666 1890 685 1920 ad
694 1891 731 1927 Eph.
745 1898 757 1920 c.
766 1891 788 1926 7.;

167 1928 219 1965 Μαρίαν
227 1931 331 1965 προσκυνεῖσθαι
340 1929 392 1964 docuit,
404 1929 443 1957 orat.
452 1938 465 1958 v.
490 1928 610 1967 quemadmodum
619 1930 634 1957 et
641 1928 743 1965 Nazianzenus,
749 1928 789 1959 Orat.

167 1965 199 2000 §35
208 1965 466 1996 ubiMaadoaaodorariaitLatinus
490 1976 538 2003 xxxv„
553 1967 644 2002 Athanasius,
660 1968 675 1996 et
688 1967 794 2003 [theodoretus.

167 2002 244 2040 Interpres.
262 2004 287 2034 An
292 2005 360 2035 vernalia
367 2014 413 2041 sensu,
423 2015 465 2043 quam
490 2005 515 2042 qui
529 2006 576 2036 locum
587 2005 638 2042 citant,
649 2005 700 2035 etalii
712 2006 789 2037 orthodoxi

168 2049 196 2077 quo
205 2042 259 2071 Statius
266 2043 325 2079 Virgilii
335 2045 343 2059 ‘¹
350 2044 414 2074 adoravit
423 2045 466 2073 vesti·
490 2044 544 2074 Patres,
