1679 2935
156 197 180 230 16
309 193 311 196 ’
401 207 425 235 ro
438 205 537 235 66616666.

157 296 236 344 oppositi
249 300 298 334 6661.
325 297 360 334 1116
373 296 420 334 hane
433 298 527 346 antiquam
539 288 675 341 institutionem
683 299 742 345 putat,
751 295 781 334 1116

156 357 250 404 novitiam,
260 358 293 395 1116
305 359 327 396 ab
336 360 446 408 Apostolicis
459 358 570 407 temporibus
584 357 686 403 deductam,
700 357 781 400 hicnon

156 421 237 467 temper
246 419 365 456 ambitionem
377 420 506 465 introductam,
521 430 575 468 quarn
588 431 599 454 a
610 418 726 467 presbyteris,
737 418 781 454 dum

158 481 258 518 6111666616
268 482 298 530 qui
307 494 347 518 eom
355 482 471 519 introducere
480 484 594 525 conaremur,
602 479 723 528 repudiatam.
745 479 781 516 Sed

157 541 215 578 talem
227 542 362 579 institutionem
376 548 407 579 aut
420 555 501 592 unquam
513 542 613 579 obtinuisse
626 544 658 578 aut
671 544 717 578 tune
727 553 781 589 repu-

158 602 227 639 diatam
240 616 279 640 6666
288 608 354 640 neuter
362 605 433 652 probat,
459 604 575 639 Timotheum
584 602 670 639 Ecclesiie
678 602 781 649 Ephesimc,

158 665 177 698 61
186 662 264 700 Damam
274 663 399 712 Magnesieuae
403 664 496 713 juniorem
503 662 621 712 prepositum
629 662 684 699 firisse
692 662 781 699 fatemur:

158 723 191 759 sod
205 724 280 772 quinam
294 724 409 771 illiberim,
424 724 612 775 661666116616116
628 724 676 761 ratio
694 724 783 772 precipuae

141 799 145 812 1
158 784 291 831 6666616666·
300 785 384 820 66111661
392 784 513 832 etsoctioccm
517 785 628 833 perpiciant,
637 785 720 823 nondmn
728 784 782 822 16161-

157 843 236 890 ligimus.
262 844 313 880 Nam
333 844 382 892 quod
399 845 489 892 ejusmodi
505 845 561 881 fuisse
576 847 712 882 contentionem
732 845 782 882 illem

158 903 220 939 credet
235 905 326 948 Petarius,
342 916 382 951 quie
398 917 409 939 a
424 904 519 939 Clemente
533 905 635 951 Epistolom
644 906 667 941 ad
679 906 783 942 Corinthios

158 963 250 1011 expressit,
259 963 279 999 id
288 963 327 999 sine
335 964 373 1000 ullo
382 964 502 1000 fundamento
512 964 584 1000 dicitur.
610 965 646 1000 Ille
653 964 701 1001 enim
709 976 755 1001 6666
766 968 783 1000 ct

158 1023 205 1059 ulter
221 1023 237 1060 61
253 1035 272 1059 66
287 1024 389 1072 praeteritos
405 1036 445 1060 esse
462 1023 560 1069 doluerint
576 1028 616 1059 tom
631 1024 713 1072 juniores
728 1037 783 1072 qnam

159 1083 239 1121 seniores
248 1096 291 1130 esse,
300 1087 338 1121 tam
347 1097 379 1133 pro
391 1085 457 1122 merito
470 1097 525 1133 quam
533 1097 566 1133 pro
575 1088 629 1122 etate
636 1097 719 1134 pugnare
729 1088 784 1133 potu-

159 1149 219 1182 erunt.
239 1145 349 1193 Qincrmque
358 1150 419 1182 661661
428 1146 502 1191 fuerint,
510 1158 540 1182 666
547 1146 585 1194 ipse
594 1158 632 1182 non
642 1146 664 1182 de
672 1146 784 1195 Episcopatu

160 1205 192 1241 sed
203 1205 331 1254 presbyteratu
341 1205 457 1242 contendisse
466 1206 534 1242 fatetur
540 1211 552 1252 ²²,
564 1209 582 1242 et
595 1206 719 1255 conjecturam
732 1219 784 1243 snam

161 1266 274 1303 Solmusiana
288 1266 432 1304 verisimiliorem
448 1270 522 1303 tantum
539 1279 578 1303 esse
595 1266 644 1312 dicit,
661 1279 694 1315 pro
707 1269 783 1304 veritate

159 1326 200 1374 ejus
209 1327 305 1363 asserenda
313 1327 360 1363 nihil
369 1327 427 1363 affert.
454 1328 491 1364 Sed
499 1327 551 1364 rideo
559 1327 608 1363 unde
617 1327 637 1363 in
645 1330 717 1364 1661661
725 1327 783 1363 ineer-

159 1387 265 1433 titudinem,
278 1389 353 1436 tamque
364 1387 503 1436 improbabilem
516 1388 639 1435 conjecturam
652 1387 736 1424 inciderit
749 1388 784 1424 Vir

160 1448 281 1484 doctissimus.
306 1447 368 1484 Verba
381 1447 413 1484 illa
428 1448 527 1495 ignatiana
540 1445 560 1482 οὐ
573 1446 723 1496 τροάειληφάτάς
732 1448 784 1484 male

159 1507 213 1556 cepit.
235 1508 313 1552 066166,
327 1507 393 1556 inquit,
406 1509 521 1555 presbyteros
532 1508 634 1555 repudiasse
647 1519 678 1544 uec
692 1508 784 1544 adrairiesc

159 1568 205 1605 iilud
218 1569 288 1614 666611,
302 1569 415 1617 qaodcunque
430 1569 501 1606 taudem
515 1566 621 1618 reoreprrciv
634 1567 687 1615 τάξιν
700 1570 783 1616 appellet.

159 1631 207 1668 (hun
220 1631 277 1678 igitur
285 1643 319 1668 nec
326 1633 448 1681 juventutem,
461 1643 496 1668 666
504 1630 631 1679 Episcopelern
640 1630 722 1667 ordinem
730 1644 784 1679 repu-

159 1693 248 1731 diaverint
263 1693 360 1741 Magnesii,
370 1697 391 1731 ut
405 1706 427 1730 er
441 1693 481 1742 ipso
494 1693 535 1730 1666
549 1696 632 1737 constat;
651 1693 701 1729 uliud
716 1693 784 1741 aliquid

159 1754 299 1803 excogitandum
310 1754 381 1803 pertavit
390 1754 481 1801 Petevius,
492 1753 540 1802 qnod
549 1753 571 1790 ab
578 1751 616 1790 illis
624 1750 742 1802 repudiatum
750 1758 783 1800 est,

160 1816 244 1864 quodque
256 1814 350 1866 νεωτεροιή
363 1813 415 1861 τάξις
428 1814 489 1851 voeari
502 1817 570 1862 posset.
595 1814 621 1849 111
634 1826 697 1850 omnes
711 1814 784 1861 quidem

160 1876 192 1923 qui
206 1874 312 1926 νεωτεριιιῆν
324 1874 377 1921 τάξιν
386 1875 472 1910 novellam
485 1874 613 1910 institutionem
622 1873 708 1918 reddunt,
722 1874 785 1911 161116

159 1948 204 1973 6666
216 1933 367 1985 προσειληφότας
382 1933 577 1981 61611666161661661.
603 1932 670 1971 Καθὼς
684 1933 739 1978 ἕτγνων
754 1934 796 1970 cai·

161 1994 202 2033 τοὺς
214 1993 277 2040 telove
292 1991 432 2043 πρετβντέρους,
441 1990 461 2028 od
473 1988 622 2042 προσείληφάτοις
630 1991 662 2039 τὴν
676 1992 785 2042 pervertendi)

161 2051 267 2104 νεωτερικὴν
281 2052 338 2099 τάξιν,
351 2050 393 2089 ἀλλ’
406 2051 430 2091 ὠς
443 2051 539 2102 φρονίμους
554 2051 572 2089 ἐν
587 2052 628 2103 θεῷ
645 2055 785 2104 συγχωροῦντας

162 2112 216 2164 αὐτῷ,
226 2114 252 2150 616
260 2112 321 2151 reddit
331 2113 435 2159 Salmasius,
448 2114 499 2150 Sicut
511 2114 583 2161 cepeoii
590 2114 709 2162 presbyteros,
720 2129 754 2153 666
765 2121 785 2153 ar

162 2176 268 2223 6666666161
278 2186 322 2220 cera,
331 2186 369 2222 que
377 2185 422 2211 6666
431 2175 561 2222 apparitioni
569 2175 650 2222 ationem,
661 2177 693 2213 sed
701 2180 785 2224 tcrzpaara

158 2241 256 2289 prudentes
269 2242 288 2277 iii
300 2242 343 2286 Deo,
356 2241 436 2277 cedentes
446 2240 486 2287 pist.
504 2239 551 2276 Ubi
564 2240 623 2288 primo
636 2239 667 2278 661
677 2243 785 2289 particulam

162 2301 232 2337 emittit
239 2304 262 2338 ut
271 2301 386 2349 explicationi
395 2312 432 2337 6666
440 2299 538 2344 inimicam,
546 2300 594 2347 quod
603 2312 624 2337 66
633 2302 785 2351 6666161366)-

162 2366 222 2398 torem
239 2361 261 2398 de
278 2362 341 2399 eadem
353 2375 373 2398 re
385 2361 441 2409 loqui,
455 2373 497 2398 curn
518 2360 666 2409 presbyterorum
683 2362 786 2409 exemplum

162 2422 254 2472 proponit,
264 2422 286 2471 de
300 2435 336 2471 qua
347 2422 435 2471 populum
447 2423 549 2467 monuerat,
563 2420 631 2458 66111661
641 2421 663 2459 de
671 2426 725 2459 61616
733 2423 785 2472 11616-

163 2483 214 2533 copi:
229 2483 281 2520 ahter
294 2484 343 2521 enim
355 2482 415 2523 669616
426 2481 457 2520 rai
467 2483 533 2531 erponi
540 2495 578 2519 non
586 2486 668 2530 possunt.
695 2484 785 2531 Secundo,

162 2542 246 2583 66661616
256 2548 276 2580 ut
288 2545 310 2581 de
325 2557 357 2582 sno
372 2544 442 2581 addidit
448 2560 454 2590 ,·
467 2543 513 2580 sidit
527 2543 581 2586 enini,
591 2555 625 2580 666
634 2545 744 2591 permittites,
756 2546 798 2583 hic'

161 2607 222 2643 locum
232 2605 299 2643 habere
307 2617 345 2642 uon
353 2617 412 2653 posse.
434 2605 514 2644 Theseos
524 2603 646 2652 Oappellianze
655 2603 725 2643 Auctor
734 2606 786 2643 ahter

323 2686 329 2698 ²
339 2681 374 2711 Viri,
381 2676 459 2710 Clementis
466 2678 598 2716 116616611161616
607 2679 628 2710 47.
