1747 2957
179 233 215 271 170
362 243 487 272 rnsrrnomun
500 243 514 272 s.
523 242 621 271 ronrcrnn

178 333 279 383 Polycarpo
287 334 384 383 indignum
393 335 462 373 censeri
471 334 554 372 debeat,”
576 333 629 371 Idem
637 333 694 382 igitur
702 333 724 370 de
732 335 800 372 nostris

180 394 254 432 omnino
272 395 373 442 dicendum,
388 402 420 434 aut
437 395 504 445 aliquid
520 395 540 433 in
556 395 578 432 iis
591 395 650 433 verbis
667 396 800 433 ostendendum

180 457 336 508 qucholycarpo
345 457 369 496 sit
377 457 484 507 indignum:
497 455 543 495 illud
555 459 616 494 autem
629 468 663 494 nco
673 456 700 503 fia,
713 470 748 495 nec
761 457 800 494 fieri

180 518 254 555 omnino
270 522 337 566 potest.
363 519 417 556 Certe
434 519 533 568 Polycarpo
554 518 651 566 indignum
670 530 709 554 non
730 522 762 564 est,
779 521 800 554 ut

179 579 270 627 Epistolas
280 579 348 627 Ignatii
361 579 409 628 apud
420 590 439 616 se
448 582 566 626 conservaret,
574 582 596 617 ut
604 577 729 628 Philippenses
738 590 768 616 eas
777 576 800 616 ab

180 638 219 687 ipso
227 643 315 687 peterent,
325 643 357 676 ant
368 643 389 676 ut
401 639 423 677 ab
433 640 456 676 iis
468 640 534 689 petitas
545 639 632 684 mitteret,
641 642 660 676 et
669 651 706 676 suae
714 638 801 688 Epistolae

181 699 303 748 subjungeret,
317 700 346 735 uti
360 700 415 737 moris
429 705 478 746 erat,
494 701 519 737 sic
532 700 582 738 enim
596 701 658 738 Olenus
671 702 764 739 Ecrnanus
778 699 801 737 ad

182 761 199 797 S.
207 761 323 809 Oppianum,
333 760 417 799 “Quales
426 760 487 798 literas
495 761 515 798 in
524 760 605 798 Siciliam
613 774 683 810 quoque
691 760 800 805 miserimus,

180 820 270 867 subjectas
283 820 387 857 habebis:’'
406 821 431 856 sic
447 821 531 867 Synodus
546 821 630 857 adversus
645 822 723 857 Paulum
738 823 802 857 Samo-

179 882 263 915 satenum
277 881 344 925 concta,
358 878 382 915 ad
394 879 503 930 Dionysium
517 880 605 917 Romanae
619 882 670 919 urbis
685 882 800 931 Episcopum,

179 941 281 989 Epistolam
289 941 374 990 Dionysii
382 941 502 978 Alexandrini
513 945 621 988 memorant,
628 940 666 982 Ἧς
678 940 739 979 111τό
752 940 802 979 darl-

180 1002 256 1051 ppapoa,
270 1001 362 1050 inquiunt,
379 999 499 1049 ὑπετάξαμεν.
529 1002 582 1050 Crry'rrs
594 1003 647 1039 etiarn
659 1004 749 1050 emenaplur'
761 1003 801 1039 sud-

175 1062 257 1108 jecimus.
283 1063 350 1099 Enseb.
361 1062 408 1099 Hist.
418 1062 467 1098 Eccl.
476 1062 509 1099 lib.
515 1062 545 1099 vii.
554 1075 592 1111 cap.
600 1064 630 1099 30.

89 1133 164 1170 Polycarpi
205 1112 251 1158 Tota
264 1122 320 1170 igitur
334 1122 414 1158 criminis
429 1122 507 1171 objectio
521 1121 544 1158 ad
558 1122 608 1159 illam
622 1121 749 1159 tantummodo
761 1134 802 1170 par·

88 1172 152 1238 resump
180 1182 256 1219 ticulanr
270 1182 354 1230 pertinet,
368 1194 446 1231 quacum
458 1185 542 1219 nostrum
555 1181 681 1219 testimonium
693 1182 740 1220 nihil
753 1195 801 1220 corn-

89 1218 155 1285 {iiiiii
181 1249 236 1280 mnne
244 1243 305 1289 habet,
312 1255 352 1291 quac
360 1243 376 1279 si
384 1243 496 1289 admittatur,
505 1243 552 1280 nihil
560 1256 594 1280 nos
603 1244 666 1292 juvat;
680 1243 695 1279 si
703 1242 801 1292 rejiciatur,

181 1303 228 1340 nihil
240 1302 293 1340 nobis
305 1302 365 1341 officit.
390 1304 460 1341 Nostra
472 1307 517 1341 tunc
530 1304 550 1340 in
562 1304 643 1352 Epistola
655 1303 750 1353 Polycarpi
757 1303 803 1340 vidit

183 1364 278 1410 Eusebius,
288 1376 330 1400 curn
343 1367 383 1400 tota
395 1364 497 1413 erinregra
508 1364 529 1401 in
542 1368 632 1402 conventu
644 1364 693 1401 Asiae
705 1364 802 1412 legeretur,
816 1370 818 1372 ’

184 1436 225 1461 curn
233 1423 322 1461 Eusebius
330 1436 365 1460 neo
374 1424 412 1460 sine
425 1437 496 1461 summu
508 1425 620 1472 negligentia
628 1429 647 1461 et
655 1424 751 1461 oscitantia
758 1424 802 1468 11111,

183 1494 217 1519 nec
231 1482 269 1519 sine
283 1482 387 1519 incredibili
403 1482 478 1519 audacia
494 1486 512 1519 et
528 1483 642 1533 impudentia
658 1483 720 1520 fallere
736 1483 802 1532 potuit.

184 1544 229 1579 Haec
242 1543 332 1592 particula
347 1543 451 1592 quingentis
467 1548 507 1592 post
523 1544 624 1581 Eusebium
641 1543 694 1591 annis
707 1543 727 1581 in
740 1543 803 1581 cadem

182 1603 264 1652 Epistola
276 1603 363 1649 exstabat,
375 1607 396 1640 ut
408 1616 430 1640 en
440 1603 506 1641 Phctio
518 1604 604 1652 discimus
609 1619 614 1649 ς
628 1617 652 1640 an
660 1605 733 1653 reliquis
744 1617 803 1642 coaeva

181 1664 236 1701 fuerit
243 1665 297 1712 plane
305 1664 401 1701 nescimus.
425 1664 464 1711 ,Sed
472 1664 487 1701 si
496 1664 559 1701 demus
566 1677 606 1702 eam
615 1665 669 1702 etiarn
677 1665 732 1702 fnisse
740 1669 802 1703 nostro

180 1724 285 1761 testimonio
298 1728 379 1772 tempore
392 1723 467 1761 Ensebii
481 1723 585 1772 subjectam,
601 1724 683 1761 nundum
697 1728 760 1761 tamen
773 1725 803 1761 rel

180 1784 230 1823 illam
238 1784 333 1822 mendacio
345 1784 445 1833 inspersam
458 1798 497 1822 esse
510 1784 631 1823 concedimus.
657 1786 698 1822 Inio
706 1798 748 1823 vero
758 1798 802 1834 quo-

180 1847 234 1885 modo
242 1846 281 1884 haec
287 1846 346 1893 verba,
356 1846 383 1882 Et
391 1846 412 1882 de
420 1847 458 1894 ipro
464 1847 541 1894 Ipaatio,
550 1850 568 1883 et
576 1847 597 1883 de
606 1846 634 1883 ras
642 1848 672 1894 qai
681 1859 719 1883 carra
728 1858 747 1883 eo
755 1850 802 1892 saar,

181 1909 228 1956 praed
235 1909 299 1944 certius
308 1908 414 1955 oporatur
422 1908 524 1955 sipniytcute,
532 1920 572 1957 qnae
578 1908 625 1945 nihil
631 1908 705 1945 omnino
714 1911 802 1953 asserunt,

180 1969 227 2005 nihil
240 1969 330 2005 affirmant
344 1972 376 2006 aut
388 1972 462 2017 negant,
474 1969 565 2006 mendacii
573 1973 592 2006 et
600 1969 674 2018 quidem
686 1969 763 2018 insignis
771 1981 803 2006 reu

181 2042 219 2066 esse
234 2030 310 2077 possint,
324 2042 362 2067 non
375 2029 464 2078 intelligo.
491 2031 528 2068 Qiri
541 2029 585 2067 talia
597 2030 644 2067 mihi
656 2029 747 2075 scriberet,
761 2042 803 2066 enm

181 2103 204 2127 ne
213 2103 255 2127 vera
263 2090 337 2138 quidem
346 2089 416 2135 dixisse,
425 2090 553 2127 multominus
561 2091 661 2128 mentitum
669 2104 708 2128 esse
717 2091 802 2127 dicerem,

181 2149 257 2195 Verum,
266 2150 343 2198 inquies,
352 2150 433 2198 quamvis
445 2162 485 2197 non
495 2154 584 2196 asserunt,
592 2151 673 2189 innuunt
685 2155 749 2189 tamen
756 2151 804 2188 illnd

183 2210 283 2258 quoderat
295 2209 367 2246 veritati
380 2208 499 2254 contrarium,
513 2209 582 2247 scilieet
595 2210 690 2258 Ignatium
704 2223 803 2259 superesse,

182 2271 242 2307 vivere
255 2273 273 2307 et
285 2270 350 2315 valere,
362 2282 416 2318 quem
429 2269 539 2317 Polycarpus
551 2274 627 2307 nouerat
641 2274 683 2307 ante
697 2269 803 2308 defunctum

182 2344 227 2368 esse.
254 2332 290 2367 Sed
297 2343 322 2367 ne
327 2331 363 2366 hoc
371 2330 444 2378 quidem
451 2342 515 2366 uerum
524 2332 552 2366 est
557 2345 562 2375 3
575 2330 668 2377 particulae
676 2330 725 2366 illius
733 2330 804 2368 Auctor

182 2405 220 2429 non
233 2391 324 2440 significat
337 2393 369 2427 ant
381 2389 420 2426 ullo
433 2380 487 2426 inodo
498 2387 560 2425 innuit
568 2388 662 2436 ignatium
674 2392 719 2425 tune
730 2389 750 2426 in
758 2390 802 2427 rivis

183 2452 242 2489 fuisse.
266 2451 328 2488 Verba
341 2451 434 2499 particulae
448 2451 468 2486 in
478 2450 543 2486 Veteri
556 2450 623 2486 Latina
635 2450 729 2495 Versione,
742 2450 769 2486 Et
782 2450 803 2488 de

183 2514 222 2561 ipso
230 2514 306 2561 paean,
316 2516 333 2550 et
345 2513 367 2550 de
378 2512 402 2550 a'r'r
415 2513 445 2561 qai
456 2523 495 2549 cura
508 2515 577 2549 errarat
588 2511 658 2560 (Graece
666 2514 687 2548 ut
696 2511 764 2560 opinor,
774 2511 804 2549 111

184 2573 227 2626 περὶ
234 2573 323 2622 Ἰνγνατίου
331 2573 362 2612 aul
374 2573 417 2626 περὶ
429 2577 465 2612 τῶν
475 2572 514 2622 μετ’
523 2572 584 2621 αὐτοῦ)
596 2574 643 2620 quad
654 2574 718 2611 certius
731 2587 804 2622 aparue-

184 2636 226 2673 ritis
237 2637 346 2683 sipaificdtez
363 2637 417 2673 verba
430 2636 492 2672 Photii
505 2638 554 2679 sunt,
567 2633 648 2670 Αἰτεῐται
663 2633 804 2685 ἀναδιδαχθῆναι

184 2694 227 2747 rrap'
236 2694 294 2732 αὐτῶν
306 2694 323 2732 εἴ
332 2710 350 2732 τι
360 2695 402 2747 περὶ
414 2695 481 2734 ἐκείνου
491 2692 612 2743 διακούσαιει),
635 2695 683 2734 Petu
693 2688 714 2734 tii
726 2696 748 2734 ab
760 2696 804 2744 brus
