1679 2935
233 234 304 265 conans
316 233 416 262 tendamur
428 235 552 263 Fundaniana.
651 232 654 233 ⁷
671 230 706 267 137

10 325 14 363 '5
83 330 114 378 qui
119 329 178 377 primo
187 322 313 366 luco'Decreti
324 327 438 365 mentionem
443 326 493 373 fecit,
503 328 544 375 post
555 338 625 363 annum
639 326 709 364 necent

12 387 14 414 l
84 390 160 439 scripsit.
186 389 259 428 llentio
268 389 341 439 quidem
349 389 404 438 hujus
414 388 501 438 Opusculi
509 388 529 425 in
540 388 630 426 Chronico
639 389 707 426 Centu-

2 452 13 497 χῖ
83 452 130 489 lensi
145 465 156 489 a
172 451 262 488 Dacherio
275 451 330 488 edito
335 465 340 496 ;
353 450 385 487 ubi
401 451 450 487 inter
467 449 511 486 alios
526 450 646 487 Bibliothecae
659 449 708 486 illius

7 499 10 514 i
85 512 170 550 Abbatiee
178 512 234 550 libros
243 512 315 560 legitur,
325 514 337 531 “
344 511 412 549 Gelasii
420 512 474 559 Papae
483 511 505 548 de
512 511 564 548 libris
573 511 681 560 recipiendis
691 514 710 547 et

84 586 123 610 non
134 573 261 621 recipiendis,”
270 572 333 609 libiii.
346 584 384 620 cap.
393 574 411 609 3.
437 573 475 609 Iste
487 575 549 609 autem
561 574 658 620 Catalogus
666 584 710 609 eon-

85 633 144 670 fectus
160 646 199 669 esse
216 632 283 669 dicitur
298 642 340 669 nn.
357 629 658 681 nceexxxl,trie1inio,postquam
675 633 711 669 Ni-

86 694 175 744 cephorus
189 693 286 731 defunctus
300 697 333 731 est.
359 693 389 731 Ne
402 688 468 730 autem
476 693 555 730 duorum
563 692 711 731 Patriarcharum

87 768 177 793 consensu
184 755 263 791 nimium
270 754 312 793 Viri
321 753 420 791 doctissimi
432 753 534 803 triumphet
543 754 600 791 oratio
604 769 610 801 3
624 755 710 803 quemad-

87 816 162 854 modum
174 816 208 854 uni
221 817 303 866 superius
318 816 386 854 larvam
403 815 520 863 detraximus,
535 815 561 852 ita
575 819 594 853 et
607 815 660 854 alteri
671 816 710 866 jam

88 876 211 912 detrahamus.
456 904 457 908 .
526 880 528 882 ’

113 937 214 975 Decretum
223 936 296 986 quidem
304 939 362 983 exstat
375 936 397 973 de
409 935 461 973 libris
470 935 565 974 Canonicis
578 935 710 982 Ecclesiasticis

89 1003 108 1036 et
122 998 242 1049 Apocrpphis,
258 998 307 1048 quod
323 1011 390 1049 magna
405 998 486 1037 virorum
500 998 555 1048 hujus
569 998 602 1036 aevi
615 998 711 1037 doctorum

89 1060 222 1107 conspiratione
237 1059 309 1096 Gelasio
323 1060 340 1097 I.
356 1059 442 1096 Pontifici
458 1060 546 1096 Romano.
556 1059 649 1096 tribuitur.
666 1059 712 1096 'Sed

89 1121 146 1156 Mss.
156 1117 231 1156 Codices
246 1121 347 1155 multorum
360 1119 466 1155 saeculorum
477 1119 497 1154 in
511 1119 713 1166 assignando'Auctore

89 1179 189 1227 plurimum
196 1179 272 1216 variant.
297 1177 438 1216 Vetustissimus
448 1177 509 1214 Codex
518 1177 634 1215 Collectionis
642 1177 712 1229 Diony·
721 1180 789 1224 Quisnam

90 1239 151 1285 sianae,
160 1250 215 1287 quern
223 1237 311 1276 beneficio
320 1238 407 1275 Dacherii
414 1237 459 1275 vidit
468 1238 560 1284 Baluxius,
569 1239 670 1277 Decretum
678 1239 713 1277 hoe
720 1218 807 1286 ppufffipre

91 1300 171 1337 Damaso
179 1300 233 1348 Papae
242 1296 320 1346 ascribit,
330 1302 348 1336 et
357 1298 447 1337 Boionius
460 1298 483 1336 ad
497 1311 566 1336 annum
575 1299 644 1337 Christi
655 1301 679 1338 69
691 1314 713 1338 ex
720 1295 779 1325 lucror.
805 1312 807 1316 ’

92 1360 173 1397 Concilio
188 1361 272 1397 Romano
288 1360 321 1397 sub
334 1361 420 1404 Damaso,
435 1360 484 1409 qnod
495 1360 576 1405 continet
593 1362 715 1399 Cresconiana

92 1420 185 1467 Collectio,
194 1425 266 1470 partem
271 1421 327 1469 hujus
335 1421 409 1458 Deereti
418 1420 474 1458 citat.
484 1421 513 1458 nx
523 1434 558 1470 qua
566 1421 625 1459 obiter
633 1422 715 1468 observo,
740 1413 743 1416 Δ

92 1481 147 1519 verba
156 1481 193 1528 illa,
204 1484 216 1502 “
222 1482 289 1519 Sancta
300 1485 363 1519 tamen
372 1482 455 1519 Romana
463 1482 546 1519 Ecclesia
552 1483 649 1521 nonnullis*
657 1485 715 1533 Syno—
741 1477 744 1482 ’

94 1543 138 1579 dicis
153 1543 263 1579 Constitutis
278 1542 347 1580 caeteris
361 1543 447 1580 Ecclesiis
457 1543 533 1591 praelata
545 1548 579 1591 est,
588 1544 619 1582 sed
628 1549 647 1582 et
654 1546 716 1583 Evan-

94 1602 152 1651 gelica
167 1615 211 1641 voce
225 1600 249 1640 D.
260 1603 358 1640 Salvatoris
374 1603 433 1640 nostri
448 1604 548 1652 primatum
565 1604 664 1652 obtinuit,''
681 1605 717 1652 levi

93 1663 201 1709 mutatione,
210 1664 243 1700 scd
252 1663 302 1711 gravi
311 1675 371 1700 errore
379 1664 399 1699 in
407 1664 446 1700 haec
452 1658 492 1711 jain
500 1676 539 1701 esse
547 1668 623 1710 mutata,
630 1669 642 1686 “
648 1667 717 1703 Sancta

94 1717 248 1760 ramen'nomana
254 1720 339 1760 'Ecclesia
351 1722 406 1759 nullis
422 1721 518 1772 Synodicis
527 1724 637 1762 Constitutis
646 1725 716 1763 caeteris

94 1783 180 1822 llcclesiis
193 1785 267 1833 praelata
280 1788 312 1830 est,
326 1784 358 1821 sed
365 1783 475 1832 Evangelia
482 1796 526 1822 voce
537 1785 613 1823 Domini
624 1789 642 1823 et
656 1787 718 1825 Salva-

95 1844 139 1883 toris
147 1844 206 1882 nostri
214 1845 313 1894 primatum
322 1844 421 1882 obtinuit.''
440 1845 501 1883 Codex
506 1846 593 1884 Ecclesiae
598 1847 718 1898 Urgellensis,

94 1908 142 1944 teste
155 1906 235 1953 Balucio,
245 1910 264 1944 et
276 1906 360 1944 lunensis
371 1906 492 1955 pervetustus,
505 1910 552 1945 teste
566 1908 656 1955 Chitletio,
670 1909 720 1946 idem

95 1966 179 2003 tribuunt
189 1966 299 2003 Hormisdae.
324 1966 362 2003 Alii
371 1966 465 2011 Gelasium
473 1967 574 2011 Auctorem
582 1973 689 2017 agnoscunt,
698 1974 720 2005 ut

96 2027 720 2079 etnoster,quiinBibliothecaCollegitSSfflrinitatisCantahripiae
764 2034 765 2037 ’
801 2033 803 2036 ⁴

96 2091 207 2132 asservatum
222 2100 276 2137 quem
285 2087 329 2125 olim
338 2090 350 2108 “
356 2088 470 2126 lanfrancus
479 2089 630 2139 Archiepiscopus
639 2092 721 2128 Cantua-
742 2132 745 2136 Α

95 2148 160 2186 riensis
175 2149 198 2186 dc
212 2148 301 2186 Beccensi
315 2148 403 2202 Coenobio
419 2149 440 2186 in
455 2149 553 2199 Anglicam
569 2155 638 2188 terram
654 2151 721 2189 deferri

96 2209 158 2256 fecit,'’
175 2214 197 2247 ut
213 2209 252 2259 ipse
267 2210 354 2259 loquitur.
380 2209 427 2247 lude
445 2210 534 2260 colligunt
550 2211 584 2249 viri
601 2212 650 2249 docti
661 2213 720 2261 primo
734 2201 738 2243 Ῐ
774 2200 778 2214 ³

99 2271 197 2317 Gelasium,
209 2271 252 2307 dein
266 2283 308 2307 vero
322 2271 441 2307 Hormisdam
457 2271 507 2308 idem
524 2272 624 2309 Decretum
639 2273 720 2310 edidisse.

98 2331 128 2369 Ad
142 2332 243 2374 Damasum
258 2330 307 2369 enim
323 2330 387 2369 referii
403 2331 454 2369 nullo
471 2331 525 2369 modo
542 2336 608 2381 potest.
634 2333 721 2371 Quamvis

98 2392 184 2429 Baluxius
198 2393 318 2429 “Damasum
329 2393 409 2440 primum
422 2392 444 2429 de
456 2392 562 2441 hujusmodi
574 2392 634 2429 Libris
648 2392 720 2441 publice

99 2452 195 2490 statuisse:
205 2452 271 2490 deinde
279 2466 322 2490 vero
329 2453 423 2490 Gelasium
432 2452 507 2490 Damasi
513 2454 611 2490 Decretum
619 2464 720 2499 renovasse,

99 2514 180 2563 illudque
189 2514 259 2553 auxisse
268 2527 331 2553 eorum
340 2517 435 2552 auctorum
443 2514 547 2551 nominibus
559 2513 590 2562 qui
601 2517 643 2562 post
652 2515 726 2552 Dama-⁴

100 2585 141 2608 sum
149 2575 215 2620 vixere,
224 2575 304 2614 elidem
317 2574 419 2622 qucque‘de
428 2573 529 2623 Hormisda
540 2573 576 2609 dici
587 2573 658 2618 posse,”
668 2577 723 2622 atque

100 2631 210 2670 haecomnia
222 2648 244 2671 cx
255 2634 314 2671 titulis
327 2634 426 2676 Librorum·
436 2632 493 2684 MSS.
507 2632 548 2669 elici
556 2646 608 2682 posse
615 2633 723 2673 hariolatur.

101 2693 227 2743 Cumautem
240 2696 275 2732 talc
291 2687 390 2745 quippiam
399 2705 458 2743 neque
473 2693 495 2732 de
512 2694 596 2743 Damaso,
619 2708 678 2746 neque
698 2696 722 2738 de
