1679 2935
0 1640 1 1643 ¹
56 1625 88 1661 ille
96 1625 117 1661 in
125 1624 233 1661 Praefaticne
242 1624 265 1661 ad
273 1624 383 1661 Versionem
394 1636 451 1672 suam,
461 1628 473 1645 “
480 1626 546 1663 Fateor
552 1626 613 1674 itaque
622 1626 642 1663 in
650 1627 680 1664 his

0 1776 3 1784 ⁴
60 1785 66 1817 r

202 210 225 236 nn
239 207 377 235 ouuucrrosreus
390 205 520 233 uuurcnuruu.
635 199 675 234 209

78 298 161 338 Secunda
175 295 240 334 Dallaei
248 295 351 332 ‘falsissima
364 293 439 331 assertio
452 297 486 339 est,
504 294 620 330 “Eusebium
634 306 672 329 esse
679 299 729 327 Falsus
735 302 757 327 est

53 363 112 401 omnis
120 362 143 398 de
151 355 253 407 Ignatienis
262 357 326 394 erroris
333 356 406 395 sontem
413 371 418 401 ;
432 354 464 403 qui
475 355 519 392 hinc
527 354 585 403 primo
594 358 672 399 exortus,
680 336 746 403 2233}

53 416 140 461 latissime
147 423 210 469 postca
216 417 288 463 effusus,
297 415 433 465 insequentium
442 416 602 465 saeculonrmpene
611 426 674 451 ornnes
681 412 758 478 puppium

55 482 154 522 Christiani
168 478 247 518 nominis
261 477 342 514 eruditos
357 476 453 526 pervasit.''
478 477 523 514 Non
537 476 605 513 frustra
619 475 675 523 igitur
682 459 761 516 riitibber'
800 489 802 491 ·

44 574 45 578 .
55 545 153 594 Origenenr
161 539 273 585 adducimus,
279 537 311 588 qui
315 542 354 576 tem
361 538 466 583 immanem,
476 543 497 575 ae
504 537 562 575 tentis
566 537 616 575 Viris
623 537 675 585 igno·
682 525 766 564 ignatianis.

54 606 152 641 miniosum
162 603 245 638 ‘errorem
256 599 338 636 funditus
347 599 414 636 evellit.
439 598 470 635 An
482 598 531 635 eninr
540 597 630 634 Eusebius
638 596 676 645 pri-

54 678 105 711 nlum
113 664 173 712 lapsus
182 665 214 706 est,
224 660 255 708 qui
264 659 362 708 Origenem
369 662 397 696 est
403 659 511 713 sequutus?
528 659 559 710 An
571 658 602 694 ille
610 658 676 694 foetum

54 736 112 772 nuper
121 725 185 760 netum
194 724 213 758 et
221 720 344 758 adulterinum
353 720 428 769 excepit,
438 732 492 769 quem
501 719 589 767 Origenes
598 722 636 755 tem
645 718 677 755 diu

54 784 150 831 antefovit
162 787 181 820 et
192 782 307 819 exosculatus
320 782 361 819 est?
387 782 418 819 An
431 781 492 819 caeteri
503 781 567 817 Patres
576 779 676 817 Eusebium

55 840 188 888 ἀβασανίστως
204 845 296 878 errantem
310 841 382 891 sequuti
395 844 444 887 sunt,
460 841 491 890 qui
507 853 550 877 euni
563 839 621 889 primo
638 852 677 876 non

55 915 122 942 errasse
134 902 234 940 certissime
248 902 335 949 sciebant,
352 906 417 952 utpote
429 902 460 951 qui
475 902 573 950 Origenern
587 905 676 950 perpetuo

55 964 171 1002 lectitarent?
198 963 218 1000 Si
231 962 331 1012 scripsisset
345 964 433 1012 Origenes
446 963 536 1000 Homilias
548 963 589 1000 illas
602 966 676 1000 centurn

56 1024 176 1074 quadraginta
187 1022 240 1061 annis
251 1029 292 1073 pest
303 1024 373 1073 Ignatii
381 1028 464 1070 mortem,
473 1024 512 1061 heec
523 1036 561 1060 non
568 1024 676 1069 frustranee,

56 1086 88 1122 sed
98 1088 199 1134 opportune
209 1084 253 1122 satis
265 1085 289 1121 ad
298 1085 400 1123 Dallaeanas
411 1085 490 1122 rationes
501 1084 607 1122 evertendas
615 1084 677 1121 obscr-

56 1148 97 1183 vata
105 1147 170 1182 essent.

82 1203 118 1242 Sed
127 1203 227 1253 respondeo
236 1204 321 1250 secundo,
334 1204 420 1253 Origcnis
434 1204 530 1251 Homilies,
538 1217 577 1240 non
585 1207 624 1240 tam
633 1216 677 1249 sero,

56 1278 94 1302 non
100 1265 174 1302 demum
179 1270 253 1302 centum
259 1265 379 1314 quadraginta
387 1265 440 1302 annis
446 1269 487 1315 post
496 1265 582 1302 ultimum
590 1264 679 1314 Martyris

56 1328 153 1372 certamen,
168 1326 201 1364 sed
215 1325 248 1364 diu
263 1330 306 1364 ante
323 1325 399 1375 scriptas
415 1324 478 1364 fuisse.
503 1325 577 1364 Mentio
591 1325 679 1375 Epistulae

57 1386 159 1434 ignatianae
174 1386 292 1424 disertissima
307 1390 366 1423 exstat
380 1387 466 1424 Homiliis
484 1388 523 1436 ejus
540 1387 560 1423 in
576 1388 593 1424 S.
603 1388 678 1424 Lucam.
719 1415 723 1425 -.

57 1446 147 1482 Homilies
156 1447 196 1482 illes
205 1445 276 1493 scripsit
285 1446 373 1493 Origenes
379 1447 452 1494 juvenis
458 1447 523 1493 adhuc,
530 1450 549 1484 et
555 1450 598 1484 ente
606 1449 678 1484 aetutem
687 1447 753 1484 Origessb

56 1505 132 1544 virilem.
158 1505 215 1542 Testis
229 1503 383 1552 locupletissimus
398 1507 417 1542 S.
427 1506 559 1555 Hieronymus,
572 1505 679 1552 Adamantii
686 1485 757 1553 {wli

57 1565 139 1602 assiduus
147 1564 209 1608 lector,
219 1567 238 1600 et
249 1576 292 1600 curn
304 1563 340 1600 ista
351 1562 443 1611 scriberet,
458 1566 562 1604 admirator.
584 1567 619 1604 'Ita
630 1566 679 1603 enim
687 1569 767 1636 ffiffi

58 1684 156 1732 Origenem
169 1684 282 1722 Tractatibus
296 1684 348 1733 quasi
360 1697 437 1732 puerum
448 1686 489 1722 talis
502 1686 581 1723 luderez'
590 1686 625 1723 aliu
636 1692 679 1723 sunt

1 1739 3 1752 ³
69 1744 73 1751 '
85 1744 115 1780 'lie
123 1745 168 1792 ejus,
178 1747 196 1781 et
205 1744 304 1781 senectutis
316 1744 379 1780 seria.'’
405 1745 470 1793 Neque
482 1745 538 1793 igitur
549 1758 608 1791 senen,
620 1759 679 1795 neque

57 1796 104 1857 pum
111 1803 167 1840 virilis
179 1808 226 1841 essct
239 1804 303 1850 aetetis,
317 1804 407 1841 Homilias
419 1804 439 1843 in
452 1805 471 1842 S.
477 1805 551 1853 Lucam,
559 1805 630 1854 scripsit
638 1806 680 1844 Ori,-

0 1887 2 1891 .
28 1874 48 1912 r.
62 1876 122 1911 genes,
131 1863 163 1900 sed
171 1863 231 1900 adhuc
239 1864 347 1911 adolescens.
374 1865 421 1902 eum
429 1869 490 1902 eutem
499 1865 681 1904 decimumoctavum

21 1915 26 1930 ³
63 1931 132 1961 annum
141 1928 206 1973 egeret,
214 1924 333 1963 Oatecheticee
343 1926 413 1963 Schol'ae
421 1927 516 1974 praefectus
524 1931 551 1965 est
560 1927 681 1965 Alexandriae.
735 1966 741 1970 ,

6 1979 14 1988 ⁸
57 1984 103 2021 -Hoe
118 1984 183 2022 diserte
196 1986 252 2023 tradit
267 1985 362 2032 Eusebius,
374 1985 428 2026 ”Eros
440 1985 460 2023 δὲ
472 1986 520 2035 ἦτγεο
526 1986 682 2031 ὀκτωκαιδέκατον,

0 2044 2 2047 “
62 2042 101 2081 καθ’
116 2042 125 2080 ὃ
139 2045 170 2092 τῆς
185 2045 302 2096 κατηχήσεως
316 2045 397 2097 προέστη
411 2045 544 2090 διδασκαλείου,
558 2047 608 2085 Hist.
621 2048 652 2085 lib.
660 2049 682 2085 vi.

62 2116 100 2150 cap.
109 2104 126 2140 3.
141 2104 171 2141 cui
191 2105 300 2154 suffragatur
315 2108 334 2142 S.
344 2107 487 2156 Hieronymus&
517 2109 563 2144 Erat
577 2108 607 2144 hic
624 2121 683 2144 eunus
699 2105 703 2131 J

63 2163 124 2201 Severi
138 2164 245 2203 undecimus
252 2182 258 2212 ;
271 2161 341 2205 decimo
355 2166 405 2204 eninr
417 2167 478 2205 Severi
491 2167 580 2216 Origenes
593 2167 684 2205 decimum

62 2223 158 2273 septimum
167 2225 226 2263 estatis
234 2239 304 2264 annum
312 2227 356 2276 egit,
362 2227 440 2266 testibus
448 2226 528 2266 Eusebio
537 2230 555 2276 et
564 2227 683 2278 Hieronymo.

2 2330 4 2332 ‚
63 2285 137 2334 Septem
148 2286 186 2324 fere
197 2300 254 2325 annos
265 2288 285 2324 in
295 2288 371 2337 imperio
383 2292 446 2337 postea
458 2289 525 2326 mansit
538 2290 619 2327 Severus.
646 2288 684 2326 Sub

81 2396 191 2435 ³ln0etelogo.
201 2399 256 2428 Mirum
261 2400 362 2436 argumentum
387 2397 427 2434 pne)
437 2400 454 2426 ut
463 2397 541 2431 conciones
550 2405 584 2433 ques
595 2396 656 2426 habebat
665 2397 684 2426 ad

63 2434 255 2472 excogitatbarroquiuses
263 2436 363 2465 Eusebiinar·
386 2436 459 2471 populum,
468 2435 583 2463 transcriberent.
602 2435 634 2470 lpse
645 2435 685 2462 enim

63 2471 325 2510 rationeHist.vi.36,quotemcu
333 2473 362 2502 sibi
386 2472 482 2501 tundemum
492 2474 575 2500 consecutus
584 2470 685 2500 diuturnorum
733 2482 735 2486 ’

63 2508 164 2545 complacuisse
174 2510 235 2547 videtur,
245 2511 321 2548 Origenem
331 2510 362 2539 nul·
386 2509 466 2538 studiorum
478 2509 544 2542 fructum,
558 2518 576 2537 ex
588 2510 652 2546 ternpore
665 2509 686 2538 di-

57 2544 93 2573 'lanr
104 2546 165 2576 edidisse
177 2549 258 2579 Homiliam
270 2553 303 2579 ente
315 2549 362 2578 aetatis
387 2548 428 2577 cendi
437 2549 524 2584 facultatem,
530 2547 563 2587 aliis
569 2547 628 2584 reliquit
634 2547 685 2576 deseri-

64 2590 93 2626 spee
107 2588 281 2624 annumsexsgesimim.
300 2588 318 2616 ld
333 2597 363 2616 nen
386 2586 686 2623 bendes'lractntus'quospeuequotidie

64 2619 100 2648 dreit
109 2620 183 2658 Eusebius,
194 2626 219 2653 sed
228 2628 260 2654 trun
268 2627 326 2654 demum
332 2626 362 2654 Ori-
387 2625 406 2652 in'
418 2624 481 2652 Ecclesia
496 2624 561 2657 habebat.
580 2623 601 2651 Gt.
612 2622 685 2660 Pamphili

64 2664 115 2692 genem
121 2660 202 2694 permisisse
209 2662 279 2699 Notariis
289 2663 363 2702 (ταχογρά-
387 2662 456 2700 llertyris
462 2662 504 2701 Apol.
511 2671 537 2699 pro
544 2661 610 2699 Origene:
616 2661 658 2691 rtet.

88 2712 136 2735 PEARS.
146 2715 198 2738 vntum.
530 2720 540 2748 P
