1679 2935
259 236 270 264 n
282 235 369 265 suenuun
380 234 499 264 cassinense.
511 234 512 237 ¹
666 229 688 266 75
705 217 707 220 ’

69 331 143 366 aeetae
154 327 271 377 Pontificatum
282 330 362 377 paatiam
374 329 456 377 suscepit,
469 331 485 365 a
495 330 537 375 past
549 326 692 365 atumtsuatam

69 390 169 427 Ecclesiam
177 390 305 428 Antiochenam
317 391 401 438 murtprii
414 401 496 427 coemam
505 388 579 436 adeptus
587 393 618 426 est.
645 389 692 426 Oum

69 454 108 486 tam
121 450 240 487 honorificum
253 450 339 487 Auctoris
352 450 465 487 mentionem
477 449 554 496 fecisset,
568 462 590 487 cx
606 448 693 498 Epistoiis

70 512 109 561 ejus
117 511 222 548 testimonia
230 511 308 561 subjicit.
327 511 363 549 Τοῦ
373 509 426 560 άηίου
433 509 524 560 Ἰηνατιου
531 508 692 548 ἘπισκόπουἈν-

70 570 150 622 τιοχείοις
159 571 189 609 καί
201 570 292 622 μάρτυρος
305 572 325 608 ἐκ
333 574 365 619 τῆς
373 570 419 622 πρὸς
427 570 538 622 Σμυρναίους
550 572 582 619 [ta
589 571 692 619 legendum,

70 644 108 681 non
116 631 221 682 Ῥωμαίους)
231 631 350 680 Ἐπιστολῆς.
376 633 395 669 S.
404 633 476 680 Ipuatii,
490 632 575 679 Episcopi
587 631 694 668 Autiaetceui

70 696 88 730 et
102 694 187 742 auaatpais
199 706 221 731 eu
230 693 351 742 Epistola-act
365 693 469 743 Smpaumas.
495 692 697 744 Πεπληρυφορημένονς

71 753 143 799 ἀληθῶς
149 754 173 793 είς
181 754 288 804 τδνΚάριον
293 755 349 803 ῆμιῦν,
355 754 399 792 tua
406 756 426 792 ἐκ
434 754 494 802 ηένους
501 753 563 800 Δαβὶδ
572 768 619 791 κατα
627 752 696 804 σάρκα,’

72 814 110 852 υἱδν
121 815 168 852 Θεοῦ
182 813 229 852 κατά
239 814 317 861 θεότητα
329 814 360 853 καί
373 814 452 863 δύναμιν,
462 814 578 863 ηεηενημένον
591 813 663 860 άληθῶς
674 814 694 851 ἐκ

71 873 166 924 παρθένου,
179 874 329 923 βεβαπτισμένον
341 874 378 911 ὑπὸ
391 874 480 917 Ἰωάννου,
498 874 527 911 ἵνα
539 873 627 924 πληρωθῇ
640 876 694 911 πάσα

72 933 176 980 δικαιοσύνη
193 932 224 972 ὑπ’
241 932 302 977 αὐτοῦ,
320 933 391 980 άληθῶς
408 934 445 972 ὑπὸ
462 934 541 971 Ποντίου
561 932 647 971 Πιλάτου
663 932 694 970 καὶ

71 993 154 1045 Ἡρώδου
170 992 272 1046 τετράρχου
285 994 410 1043 καθηλωμένον
424 994 471 1046 ὑπὲρ
485 994 536 1042 ῆμιῦν
551 994 611 1045 σαρκί,
636 996 694 1031 Pteme

72 1057 191 1104 cumulateque
201 1068 297 1104 persuasos
312 1057 333 1100 cte
346 1058 422 1094 Damiua
435 1060 501 1101 uestro,
514 1057 543 1104 qui
558 1060 584 1093 est
598 1068 620 1092 cu
631 1067 694 1103 ρατιονε

72 1118 134 1154 Daaiat
140 1118 234 1154 secuudum
242 1130 318 1163 caruem,
328 1121 345 1154 et
354 1118 405 1166 fitius
413 1118 449 1153 Dei
456 1117 551 1153 eeeaaetau
560 1116 670 1152 diuinitatem
678 1120 695 1152 ct

69 1179 179 1224 pateatiam;
196 1179 226 1225 qui
240 1189 280 1214 acac
293 1182 345 1214 uatus
359 1181 385 1223 est
399 1189 421 1213 eu
434 1178 502 1224 aiupiue
516 1180 536 1213 ut
551 1177 606 1212 amuis
621 1177 643 1212 ab
657 1177 695 1223 ipsa

69 1238 143 1284 justitia
151 1238 263 1285 impierum
276 1250 316 1275 acce
324 1238 355 1275 sut
362 1238 427 1275 Pautia
434 1238 495 1274 Piiuta
504 1241 521 1274 et
526 1237 596 1274 Hecate
605 1237 695 1274 tetrarcha

70 1310 105 1345 pua
121 1299 171 1335 uatis
186 1299 206 1335 iu
223 1311 276 1335 carue
292 1298 410 1346 uueptmsm.
436 1299 472 1336 Τοῦ
490 1297 544 1335 αὐτοῦ
559 1298 578 1334 εἰι
591 1299 624 1345 τῆς
640 1296 696 1344 αὐτῆς

73 1356 191 1404 Ἐπιστολῆς,
204 1359 289 1405 Ejusdem
295 1370 317 1394 eu
324 1360 384 1394 eudem
390 1360 477 1405 Epistola.
494 1357 559 1407 Τίηάρ
568 1357 638 1405 ὠφελεῖ,
645 1357 696 1405 ε’ίπερ

73 1432 97 1464 με
109 1418 179 1456 ἐπαινεῖ
189 1433 220 1461 τις,
234 1416 266 1455 τὸν
279 1416 298 1455 δε
312 1416 381 1469 Κῦριόν
394 1433 428 1467 μου
440 1418 554 1468 βλασφημεῖ,
563 1415 588 1465 μῆ
602 1416 697 1465 tuomum

73 1478 128 1517 αὐτὸν
137 1478 256 1530 σαρκοφόρον·
265 1479 274 1516 ὁ
284 1478 303 1517 δὲ
311 1481 364 1517 τοῦτο
372 1479 431 1528 λέγων
439 1479 511 1519 τελείως
524 1478 578 1516 αὐτὸν
589 1477 666 1530 ῆρνηται
674 1476 697 1518 ὡς

74 1539 187 1591 νεκροφόρων.
208 1541 256 1582 Quid
266 1545 324 1577 autem
332 1541 413 1590 prodest,
422 1542 438 1577 si
446 1539 485 1589 quis
493 1553 520 1577 aue
529 1541 594 1586 laudet,
605 1541 697 1576 Domiuum

74 1604 133 1637 autem
144 1613 200 1637 uicum
213 1601 324 1648 blasphemet,
333 1614 369 1638 uem
381 1604 464 1650 cauflteus
478 1614 516 1638 eum
530 1613 600 1637 cuuuem
611 1601 697 1647 pestere?

76 1660 127 1702 Quod
134 1661 164 1707 qui
172 1673 207 1697 acu
211 1660 312 1708 permittetur,
315 1663 371 1708 ptume
379 1662 436 1708 ipsum
444 1665 501 1708 μιμοῦ,
510 1665 530 1697 ut
539 1661 614 1697 caetauai·
623 1662 697 1696 ciccum-

71 1720 164 1767 feccutem.
189 1721 226 1757 Τοῦ
234 1719 289 1758 αὐτοῦ
301 1721 321 1758 ἐκ
331 1722 363 1767 τῆς
373 1719 428 1767 αὐτῆς
436 1719 554 1767 Ἐπιστολῆς.
582 1720 667 1767 Εμιιοιίοιιι
675 1731 697 1756 eu

75 1781 135 1826 eadem
143 1781 231 1827 Epistola.
257 1779 282 1817 Ei
293 1779 331 1831 (γάρ
343 1782 369 1830 τῷ
382 1779 439 1816 δοκεῖν
451 1782 509 1817 ταῦτα
521 1779 607 1830 ἐπράχθη
619 1779 656 1816 ὑπὸ
665 1781 699 1817 τοῦΙ

75 1840 145 1891 Κυρίου
159 1839 214 1887 ἡμῶν,
229 1838 279 1889 camai
295 1841 321 1891 τῴ
337 1839 394 1878 δοκεῖν
411 1839 487 1889 δέδεμαυ
504 1839 524 1879 τί
539 1838 558 1877 δέ
574 1838 604 1878 καὶ
621 1839 697 1888 ἐμαυτὸν
736 1867 737 1870 =

49 1908 51 1911 “
75 1900 147 1939 ἔκδοτον
159 1900 227 1939 δέδωκα
239 1903 265 1952 τῷ
279 1901 356 1951 θανάτῳ,
370 1901 415 1953 πρδς
428 1904 470 1954 πῦρ,
482 1901 528 1953 πρδς
540 1900 639 1954 μάχαιραν,
652 1901 698 1953 πρὸς
719 1894 722 1897 Δ

77 1962 131 2013 θηρία
136 1978 140 2007 ;
160 1961 202 1999 ἀλλ’
218 1962 227 1998 ὁ
241 1962 295 2011 ἐηηῦς
311 1962 408 2014 μαχαίρας,
426 1962 481 2011 εἠηῦς
498 1964 550 2000 Θεοῦ·
566 1961 620 2010 μόνον
638 1963 656 2001 ἐν
672 1965 699 2013 τῷ

75 2022 149 2070 ὀνόματι
157 2022 220 2070 Ἰησοῦ
230 2024 318 2073 Χριστοῦ,
328 2022 353 2063 είς
366 2023 386 2060 τὰ
401 2023 504 2072 συμπαθεῖν
517 2022 640 2074 αὑτῷπάντα
653 2023 699 2061 ῦπο-

75 2083 122 2131 μένω
131 2084 185 2121 αὐτοῦ
198 2099 220 2131 με
233 2083 370 2131 ἐνδυναμοῦντος
382 2087 414 2122 τοῦ
426 2085 495 2131 τελείου
508 2085 608 2136 ἀνθρώπου,
621 2085 641 2122 έν
653 2093 699 2125 τινες

76 2144 180 2193 αἠνοοῦντες
189 2143 288 2195 ἀρνοῦνται.
311 2145 332 2181 Si
340 2147 386 2181 euim
394 2146 474 2192 opimiame
484 2150 551 2183 tautum·
559 2148 595 2183 tac
603 2160 615 2182 a
623 2147 698 2182 Dcmiuc

76 2210 136 2243 aium
142 2211 194 2254 pecta
202 2210 248 2252 siccat,
258 2218 289 2254 epa
298 2218 364 2254 quaque
373 2207 453 2254 optumae
461 2208 530 2244 mactus
538 2219 581 2244 sum
597 2208 633 2244 cae
642 2211 699 2244 autem

76 2270 94 2304 ei
101 2267 186 2314 meipsum
194 2267 247 2303 macti
256 2266 329 2312 mutim,
339 2267 364 2303 aa
373 2268 436 2315 ipuem,
449 2268 474 2305 act
485 2267 570 2316 piccctium,
584 2268 609 2304 aci
620 2268 699 2305 bestias?

80 2328 145 2366 Verum
160 2328 190 2375 qui
204 2328 272 2364 uicimus
287 2328 354 2376 placita,
371 2329 439 2365 ateium
453 2329 497 2366 Dea.
524 2330 584 2366 Seium
596 2331 615 2367 iu
631 2330 699 2367 uomiue

76 2390 119 2426 Jesu
132 2389 204 2435 ouium,
215 2393 236 2424 ut
244 2390 348 2436 passiauum
363 2390 400 2436 epus
414 2391 471 2427 sacius
481 2391 532 2438 fiam,
545 2391 604 2427 amaia
616 2391 699 2436 sustiuee,

76 2451 114 2497 ipsa
123 2462 150 2487 me
158 2449 288 2495 caauabaraute,
297 2449 366 2487 teuciac
375 2449 463 2498 pecfecto,
473 2463 522 2498 quem
530 2450 586 2497 aliqui
598 2451 700 2498 ipuecautes

77 2515 146 2557 uepaut.
173 2511 213 2548 Has
228 2514 264 2546 tres
278 2508 340 2558 ῥῆσεις
354 2510 377 2546 ab
392 2510 423 2547 iiio
439 2514 481 2547 ante
496 2524 553 2547 annos
565 2511 604 2549 fene
617 2512 668 2549 mille
681 2517 705 2549 et

78 2568 164 2608 ducentos
178 2575 270 2620 excerptas
283 2570 303 2607 in
316 2570 379 2607 eudem
391 2571 475 2619 Epistola
486 2571 509 2609 ad
521 2572 623 2621 Smyrnaeus
637 2573 700 2610 ctiam-

78 2627 123 2667 num
135 2631 218 2680 legimus,
245 2631 307 2678 Pergit
320 2631 343 2669 Β.
353 2631 482 2670 Theodoreus.
508 2633 544 2672 Τοῦ
561 2633 616 2673 αὐτοῦ
632 2634 651 2671 ἐκ
667 2633 699 2679 τῆς

249 2712 258 2725 m
268 2707 302 2738 tid,
308 2707 341 2738 intr.
352 2708 367 2737 Ρλ
374 2708 389 2737 ii.
399 2717 411 2737 a.
417 2708 436 2737 ix.
447 2717 490 2746 prope
496 2709 528 2738 init.
