1679 2935
223 223 246 251 AB
258 221 401 250 EXCEPTIONIBUS
414 222 531 249 vinulentus.
653 217 688 253 171

70 316 134 353 certior
142 314 183 363 fiat,
192 314 208 350 si
217 313 261 362 qaid
268 313 289 350 de
297 313 328 351 illo
337 313 463 351 inandiaerint.
488 314 550 351 Primo
559 317 620 351 autern
630 315 692 352 andire
728 313 730 315 ’

68 379 153 426 poterant
166 374 293 425 vPhilippenses
307 373 376 424 aliquid
390 374 413 413 de
427 374 502 424 ignatio
515 374 561 421 viro,
576 374 625 424 quod
638 374 692 424 Poly-

70 448 133 486 carpus
151 436 173 473 ab
190 436 226 472 illis
243 436 289 473 scire
306 438 380 484 cuperet
396 435 428 472 illo
445 435 536 472 defuncto.
567 436 693 484 ignatinus

69 497 151 534 referunt
167 496 215 533 illius
232 496 286 541 Acta,
300 508 335 544 per
351 496 475 545 Philippenses
493 497 612 545 pertransivit
630 495 693 534 Mace-

71 558 141 594 doniarn
151 558 219 604 perles,·
231 569 243 593 a
254 556 402 605 Philippensibus
415 556 467 594 missi
481 561 524 595 sunt
537 552 592 606 aliqui
605 557 637 605 qui
651 569 693 594 eum

70 617 143 654 honoris
155 621 174 654 et
186 616 327 666 refrigerationis
342 629 396 654 causa
407 618 427 654 in
440 617 506 655 itinere
519 618 636 664 deducerent,
646 618 694 666 quod

70 678 117 716 mihi
132 678 204 716 ridetur
217 679 331 728 ἸΡοίμεενμμε
348 678 374 716 in·
384 678 437 717 initio
454 678 541 728 Epistola
560 678 648 725 innuisse,
665 678 694 716 his

71 739 135 782 verbis,
150 738 260 786 Δεξμμὲνενς
273 738 296 775 τὰ
313 737 409 786 μιμήματα
425 740 457 785 τῆς
474 737 552 783 ἀληθοῦς
569 737 647 784 dydrrns,
664 738 695 775 nui

70 797 212 848 προπέμψασνν,
229 796 253 838 ais
272 796 364 844 ἐπέβαλεν
384 796 431 846 ὑμῖν,
448 797 489 839 rods
506 797 642 851 ἐνειλημμένους
658 801 695 841 reis

72 859 193 911 ἁνμοπρεννέσν
201 860 278 909 δεσμοῖς,
288 873 327 909 quae
336 861 409 910 quidem
419 861 473 899 verba
485 873 527 899 cum
539 874 574 898 nee
585 864 635 898 recte
645 861 694 910 iege-

35 927 36 930 ’
72 925 106 968 ret,
119 934 153 959 nee
166 922 239 960 omnino
251 921 362 971 intelligeret
371 922 429 960 Vetus
443 923 543 971 interpres,
555 923 582 960 ita
593 922 694 969 transtulit,

57 1027 60 1031 Δ
73 984 173 1030 Sciscipiens
181 983 276 1020 imitabilia
284 984 338 1020 cerba
346 984 445 1019 dilectionis
453 996 505 1030 paura
514 984 615 1020 ostendistis
623 985 642 1019 in
652 984 698 1028 iilis„

74 1044 104 1090 qni
114 1044 203 1090 premissi
216 1047 258 1079 sarit
271 1044 316 1080 airis
329 1045 396 1080 sanctis
411 1044 498 1080 decoreris
514 1044 589 1081 uinculis
606 1043 695 1080 conneais.

74 1105 104 1142 Ita
116 1104 146 1141 ille
160 1102 255 1151 δεξάμενος
268 1116 301 1152 pro
315 1102 416 1152 δεξαμένοις
427 1104 496 1153 legens,
506 1105 561 1153 atque
573 1103 614 1141 ideo
627 1103 697 1153 reliqua

74 1166 135 1202 omnia
149 1165 234 1202 aliorsum
250 1165 324 1202 trahens
329 1179 334 1210 3
353 1169 375 1201 tu
390 1168 456 1214 vertas,
472 1165 578 1213 Gonpaaisns
592 1177 631 1201 narn
643 1165 696 1210 cobis,

75 1227 105 1273 pai
119 1237 163 1262 aera
178 1225 272 1262 charitatis
289 1226 396 1274 eraerplaria
411 1226 511 1273 recepistis,
521 1229 543 1262 et
559 1225 663 1270 dednaistis,
677 1227 698 1261 at

55 1328 57 1333 Ι
74 1290 132 1323 nestra
145 1287 200 1335 rapticio
213 1286 330 1330 renuntiabat,
338 1287 425 1323 involutos
433 1287 508 1322 uinculis
521 1289 562 1333 pace'
570 1287 637 1323 sanctis
645 1297 697 1322 erna-

75 1350 132 1384 raento
140 1350 186 1384 ssent.
213 1346 316 1384 Halloinins
329 1345 352 1386 ὠς
364 1344 456 1392 ἐπέβαλεν
468 1344 515 1393 ὑμῖν,
524 1346 609 1391 reddidit,
618 1350 638 1382 nt
649 1347 698 1382 reiis

75 1407 162 1442 Dorrrinas
170 1406 274 1452 iaspiraait;
288 1418 321 1453 ego
334 1405 400 1454 potius,
408 1409 429 1442 at
441 1408 498 1442 aestro
512 1406 573 1456 officie,
581 1405 698 1451 aaraoeniebat,
739 1414 741 1417 ·

76 1467 119 1515 quia
130 1467 170 1503 haec
180 1467 239 1504 multo
252 1466 360 1515 simpliciora
373 1469 450 1513 suntet
461 1467 497 1504 hoc
510 1478 564 1504 sensu
571 1466 618 1503 bene
628 1466 698 1503 Graeca.

76 1527 196 1565 Deducebaut
210 1528 267 1575 igitur
278 1540 301 1565 en
308 1525 455 1576 Philippensibus
467 1518 523 1575 aliqui
536 1527 631 1575 ignatium
639 1517 699 1563 'comi-

76 1591 140 1635 tesque
156 1599 188 1635 per
205 1587 339 1633 biacedoniarn,
353 1588 401 1624 lorte
417 1587 473 1624 etiam
489 1599 547 1635 usque
562 1587 687 1635 Epidamnum
691 1601 697 1631 ς

78 1647 126 1684 unde
138 1647 309 1694 Pseudo-ignatius,
323 1647 351 1684 vei
367 1647 428 1694 potius
443 1646 507 1695 aliquis
521 1645 566 1683 alius
578 1647 609 1695 qui
623 1646 699 1683 titulum

77 1707 164 1756 Epistulae
178 1706 201 1745 ad
214 1706 339 1756 Philippenses
354 1707 437 1757 praefinit,
452 1707 539 1757 scriptam
552 1721 593 1745 eam
605 1708 663 1746 voluit
676 1708 700 1745 ab

78 1769 185 1818 Epidamno
212 1769 239 1806 Hi
254 1768 310 1816 igitur
327 1768 420 1817 Philippos
437 1768 460 1806 ab
473 1768 547 1817 ignatio
561 1769 629 1805 reversi
641 1769 701 1805 muita

79 1829 118 1866 sine
135 1828 190 1866 dubio
209 1828 231 1865 de
249 1828 289 1877 ipso
305 1829 410 1875 narrabant,
425 1829 484 1867 multa
501 1829 523 1866 de
540 1829 643 1875 comitibus,
661 1841 701 1878 quae

80 1891 98 1927 S.
105 1889 257 1939 Polycarpuur'ab
265 1889 308 1938 ipsis
317 1888 379 1927 audire
387 1889 470 1935 voluisse,
480 1889 536 1926 etiam
543 1894 584 1938 post
592 1890 701 1939 martyrium

80 1952 100 1988 S.
107 1950 181 1999 Ignatii,
190 1962 223 1998 par
231 1954 260 1986 est
268 1949 346 1987 credere.
373 1950 456 1987 Secundo
469 1950 531 1986 audire
539 1953 623 1998 poteraut
631 1950 700 1998 Philip-

79 2023 143 2060 penses
155 2010 223 2058 aliquid
236 2010 258 2046 dc
269 2009 342 2058 Ignatio
354 2013 432 2054 mortuo,
441 2023 479 2047 non
487 2011 547 2047 minus
557 2023 611 2059 qiram
618 2009 668 2048 rivo:
683 2015 702 2047 et

80 2071 189 2120 Polycarpus
202 2069 308 2107 sine‘dubio
322 2071 368 2107 scire
382 2072 440 2120 magis
456 2071 520 2110 avebat
533 2084 573 2120 quae
587 2072 610 2109 ad
624 2075 702 2109 mortem

81 2144 135 2182 quam
148 2143 189 2181 quae
202 2130 225 2167 ad
236 2131 308 2168 vincula
321 2130 391 2180 Ignatii
405 2131 532 2180 pertinebant;
551 2146 605 2182 quam
618 2133 702 2182 praeclare

81 2207 100 2231 se
113 2193 133 2230 in
146 2192 185 2242 ipso
197 2192 285 2242 martyrio
298 2192 379 2240 gesserit,
391 2196 480 2241 quantum
493 2194 581 2231 bonorem
594 2193 703 2231 Christianae

81 2253 165 2302 religioni
173 2253 260 2298 attulerit,
270 2252 314 2301 quid
322 2253 397 2289 comites
411 2253 428 2289 ei
440 2253 460 2289 in
473 2256 511 2289 tam
523 2253 611 2301 praecipiti
623 2253 703 2300 periculo

82 2312 205 2361 praestiterint,
222 2311 266 2359 quid
280 2312 328 2359 passi
345 2311 386 2358 sint,
402 2315 434 2348 aut
450 2311 532 2358 fecerint,
547 2326 571 2349 an
586 2313 608 2349 de
622 2313 703 2361 reliquiis

83 2373 130 2409 tanti
139 2371 227 2421 Martyris
236 2371 305 2420 aliquid
313 2372 463 2409 conservaverint.
489 2374 534 2409 Non
543 2373 591 2409 enim
599 2375 673 2409 tantum
681 2371 704 2408 de

83 2433 162 2482 ignatio,
172 2432 203 2469 sed
213 2432 268 2468 etiam
280 2427 388 2468 dePhiIone
396 2435 415 2469 et
423 2432 543 2481 Agathopode
556 2432 651 2470 comitibus
664 2432 704 2480 ejus

84 2495 153 2542 quaerit.
178 2493 243 2532 Potuit
259 2492 315 2541 igitur
328 2492 438 2542 Polycalpus
454 2492 529 2529 incendi
545 2492 605 2530 studio
619 2493 705 2531 audiendi

84 2553 153 2600 aliquid
164 2554 186 2590 de
197 2554 272 2602 ignatio
283 2553 328 2599 viro,
338 2553 387 2600 quod
399 2552 482 2589 nondum
494 2552 592 2597 audiverat,
604 2553 649 2589 iicet
662 2566 705 2589 eum

83 2611 122 2659 jam
139 2611 246 2651 detructum
263 2626 302 2651 esse
318 2626 357 2650 uon
373 2611 464 2649 dubitaret
469 2627 475 2660 5
494 2612 554 2663 potuit
571 2612 646 2652 aviditas
664 2626 706 2652 eum

85 2676 147 2710 tenere
156 2673 216 2722 aliqua
224 2675 246 2711 de
256 2674 294 2724 ipso
304 2677 376 2713 mortuo
388 2673 468 2723 virisque
480 2673 577 2713 comitibus
585 2674 705 2725 intelligendi,
