1747 2957
184 201 229 237 300·
371 209 498 237 mounrnrun
511 208 617 236 usonnrvnn

185 300 242 336 totius
257 300 370 349 AEgyptiocae
387 300 535 338 consuetudinem
552 298 644 343 ordinatis,
660 297 740 345 stipatus,
751 292 805 346 atque

186 361 308 399 communitus
322 361 406 400 adversus
415 361 515 410 Origenem
526 359 635 409 synodicam
646 359 757 396 sententiam
764 371 807 406 pro-

165 421 167 424 ’
185 423 263 468 tulisset,
279 435 303 460 an
316 423 337 460 id
351 423 439 471 Origenes
454 423 498 470 ipsc,
511 434 535 458 an
551 420 641 457 Eusebius
656 419 753 456 acerrimus
767 419 806 468 ejus

185 483 310 531 hyperaspista
323 483 423 519 tacuisset?
449 481 554 518 Demetrius
569 480 643 530 Synodo
658 483 720 516 coacta
734 480 806 527 decreto

186 544 262 580 sancivit
271 544 369 591 Origenem
378 543 488 584 Alexandria
496 542 600 590 pellendum
609 553 652 585 esse,
661 543 682 577 ut
690 541 710 577 in
718 540 808 588 Apologia
818 537 819 543 ’
873 554 874 557 ’

186 603 262 639 Eusebii
269 602 361 651 proditum
370 608 403 639 est.
428 603 457 639 En
464 602 496 638 illa
503 602 533 638 his
541 601 599 639 uerbis
609 614 647 638 rem
659 605 722 638 narrat
730 592 807 638 Photius

187 663 231 701 Cod.
241 664 298 701 cxxiii.
316 662 392 703 Σύνοδος
407 662 508 714 ἀθροίζεται
516 660 635 701 Ἑπισκόπων
645 660 678 701 aad
690 677 742 700 τινων
750 677 808 711 πρεσ-

185 722 267 771 βυτέρων
281 722 329 759 κατὰ
343 722 451 771 Ὠριγένονς,
462 724 502 769 quoe
511 723 572 760 minus
585 728 635 760 reete
646 724 668 759 ab
680 724 749 759 Huetio
757 723 808 758 enhi-

185 781 257 825 bentur,
265 781 347 827 Sponden
349 781 403 827 prior
407 780 502 827 Episcopis
511 776 600 828 adipeotet
604 782 714 830 presbyteris
723 781 808 830 eooflotm

186 854 224 876 non
236 841 285 877 enim
298 842 333 878 hoe
348 842 412 878 Graeca
423 842 493 885 uolunt,
503 842 535 877 sed
549 842 638 888 Synaodcm
649 843 783 889 Episeopoauoa,
793 846 809 879 et

187 902 255 949 altprect
263 901 319 939 etiam
323 901 468 950 presbyterorum
480 900 554 946 indicat,
565 902 613 949 quod
626 902 675 939 aliud
684 906 711 939 est
716 918 721 948 5
734 904 810 952 Episco-

188 975 221 1011 pos
238 963 312 1009 scilieet,
328 964 385 1000 fuisse
401 963 468 1011 plures,
486 963 555 1009 aliquos
572 966 633 1000 autem
654 967 672 999 et
689 963 809 1012 presbyteros.

97 1031 180 1077 Btpndeuus
190 1023 296 1060 Blondellus
307 1036 355 1069 uero,
364 1027 385 1059 ut
397 1023 447 1068 solet,
456 1024 495 1060 haec
506 1022 552 1075 rnire
561 1022 583 1059 ad
595 1035 635 1059 rem
646 1035 697 1059 suam
709 1035 811 1060 accommo-

97 1070 184 1143 ffijgssffg
192 1083 246 1120 desit.
271 1084 322 1119 Nam
330 1083 350 1119 in
358 1083 453 1119 Addendis
462 1083 484 1118 ad
492 1095 533 1130 pag„
544 1085 584 1120 199.
596 1083 627 1119 lib.
637 1084 654 1118 8.
664 1083 758 1130 Apologia
768 1097 810 1128 suae,

187 1143 316 1189 f‘ndsoribej’
325 1142 390 1191 inquit,
401 1145 412 1163 “
418 1142 516 1191 Origenem
526 1142 676 1192 Presbyterorurn
689 1143 760 1180 decreto
771 1145 811 1193 pul-

192 1217 232 1240 sum
240 1204 295 1241 refert
301 1204 378 1242 Plrotius
385 1204 428 1241 Ood.
435 1203 517 1241 ccxcvii.'’
530 1204 564 1240 Tot
573 1203 647 1251 quidcm
652 1203 728 1241 Codices
734 1204 811 1241 Photius

191 1277 230 1300 non
244 1264 310 1309 habet;
328 1263 360 1300 sed
372 1264 411 1300 haee
425 1263 463 1300 sine
477 1263 598 1300 controversia
611 1263 671 1300 verba
680 1265 759 1311 respexit
773 1277 812 1312 quae

192 1336 233 1370 pag.
242 1325 278 1360 297
287 1323 383 1358 habentur.
408 1321 461 1357 Ἡδὲ
472 1321 563 1370 [Eteonos]
574 1321 680 1370 ψηφίζεται,
693 1323 774 1369 Synodcs
783 1324 812 1359 cte-

192 1385 258 1419 cretcrn
263 1381 317 1428 fecit,
325 1381 385 1429 inquit
393 1380 483 1418 Eusebius
492 1381 541 1428 apud
548 1380 640 1426 Plotium,
648 1381 732 1430 synodus
738 1382 812 1430 Episco-

192 1453 262 1489 porum,
276 1440 306 1477 cui
323 1441 446 1477 intmduerrmt
467 1440 535 1487 aliquot
553 1440 658 1489 presbyteri.
691 1441 733 1478 Hoc
751 1446 813 1478 autem

191 1501 284 1537 decretum
300 1500 369 1548 Synodi
384 1500 418 1537 eui⁴
426 1500 534 1548 praesidebat
549 1501 659 1544 Demetrius,
673 1504 691 1536 et
704 1501 724 1537 in
737 1514 772 1550 qua
784 1506 813 1538 tot

191 1560 279 1597 sedebant
292 1560 383 1608 Episcopi,
398 1559 504 1607 simpliciter
518 1560 606 1596 decretam
619 1561 763 1608 presbyterorum
778 1561 814 1598 diei

191 1621 230 1669 quis
239 1620 299 1657 ferat?
325 1620 345 1656 Si
353 1619 487 1668 tresEpiseopi
500 1623 573 1656 tantum
587 1632 629 1657 eum
642 1621 736 1658 Demetrio
749 1634 813 1658 conve-

190 1681 265 1726 nissent,
280 1693 303 1717 an
317 1679 413 1725 Eusebius,
429 1684 460 1717 aut
475 1680 580 1727 Pamphilus
597 1680 692 1729 Synodum
706 1681 814 1730 appellasset

190 1741 334 1788 Episcoporurn?
347 1754 409 1777 nonne
418 1740 486 1787 aliquid
495 1753 515 1776 ex
525 1753 547 1776 ea
553 1740 644 1786 paucitate
651 1730 783 1788 Episcopcrum
791 1742 815 1777 ad

192 1800 315 1837 defensionem
324 1800 408 1849 Origenis
418 1800 503 1837 traxisset
511 1800 613 1837 Eusebius?
640 1801 687 1838 Cum
695 1802 814 1850 posteriorem

191 1861 283 1909 quendam
288 1865 397 1899 conventum
403 1860 494 1906 describit,
502 1861 534 1909 qni
540 1861 644 1898 Sacerdotio
651 1862 749 1910 Origenem
755 1863 814 1910 priva-

190 1923 223 1968 vit,
229 1923 277 1971 quod
285 1923 335 1970 prius
341 1923 362 1958 in
369 1922 443 1970 Synodo
449 1922 518 1958 factum
525 1933 562 1957 non
569 1925 602 1966 est,
609 1919 662 1958 ‘Ana’
669 1920 678 1958 d
685 1937 706 1969 fys
713 1921 815 1972 Δημήτριος

191 1980 814 2031 ἅματισὶνΈπισκόποιέΑἰὟνπτίοιςκαὶτῆςἱερωσύνηςάπεκήρυξεν,

182 2042 256 2092 inquit.
281 2042 350 2078 Nonne
361 2041 450 2078 minorem
461 2053 558 2078 numerum
569 2041 701 2090 Episcoporum
712 2042 732 2078 in
745 2042 815 2090 deposi-

193 2100 262 2137 tionem
270 2100 309 2147 ejus
317 2101 427 2136 consensisse
435 2100 508 2136 innuit?
522 2105 541 2136 et
548 2114 571 2136 an
578 2102 685 2148 pauciorum
694 2115 749 2149 quam
757 2103 815 2139 trium

193 2159 325 2208 Episcoporum
338 2159 478 2206 subscriptiones
490 2160 588 2207 accepisset
602 2161 721 2198 Demetrius?
748 2163 768 2199 Si
776 2166 815 2199 tam

193 2221 246 2267 panici
254 2220 275 2256 in
284 2220 381 2266 Origenem
395 2219 533 2262 consensissent,
542 2219 591 2264 iique
601 2232 612 2254 a
622 2220 717 2255 Demetrio
727 2224 815 2267 tanquam

193 2277 283 2317 auxiliarii
291 2277 362 2314 nouiter
369 2276 451 2313 instituti
455 2292 461 2321 5
475 2277 514 2313 sine
522 2276 578 2312 dubio
586 2277 674 2325 Origenes
684 2278 724 2327 ipse
733 2279 755 2315 de
764 2280 815 2317 abro—
831 2268 832 2271 Ἴ

193 2345 236 2387 gata
247 2340 305 2375 veteri
318 2338 455 2383 consuetudine,
467 2338 489 2374 de
503 2337 611 2374 auctoritate
625 2350 725 2385 paucorum
739 2339 815 2377 novitio-

192 2412 270 2447 rumque
283 2398 415 2446 Episcoponrm
431 2397 549 2446 disputasset:
563 2398 594 2434 ille
607 2402 669 2434 autem
682 2398 704 2435 de
716 2399 767 2441 novis
778 2413 816 2437 non

193 2459 293 2509 Episcopis,
300 2459 332 2496 scd
339 2458 402 2505 literis,
410 2459 432 2496 de
441 2458 564 2505 multitudine,
572 2459 638 2496 nonde
647 2460 743 2506 paucitate,
753 2473 816 2498 eorum

195 2520 276 2567 quicum
287 2519 381 2555 Demetrio
393 2519 413 2553 in
424 2531 443 2554 se
456 2519 608 2569 conspiraverant,
618 2522 727 2566 conquestus
738 2522 770 2565 est,
780 2520 816 2557 Tae
832 2560 834 2563 Α

195 2578 262 2629 ἐχθροῦ
272 2577 373 2627 πικρότατα
384 2576 433 2624 ἡμῶν
447 2575 653 2627 καταστρατενσαμένον
666 2576 696 2614 διὰ
706 2579 742 2616 adv
751 2582 816 2618 καινῶν

194 2638 249 2677 αὑτοῦ
254 2638 370 2689 γραμμάτων,
376 2637 406 2674 καὶ
411 2637 482 2684 ἀληθῶς
489 2637 559 2688 ἐχθρῶν
565 2640 590 2688 τῴ
594 2637 704 2689 Εὗανρρελίῳ,
711 2638 816 2681 reindutus
