1679 2935
140 224 176 260 xxii
360 234 443 262 neironis
455 233 545 262 rumino

140 325 231 362 Veterum
239 325 350 363 testimonia.
376 326 421 363 Haeo
434 329 496 362 autem
509 324 604 369 sententia,
618 323 633 360 si
645 323 668 360 ad
676 323 718 361 Viri
726 323 763 360 lte-

140 385 215 423 verendi
224 385 318 422 arbitrium
332 398 354 423 ex
366 386 469 435 Interprete
480 385 553 434 Syriaco
564 397 596 421 suo
606 383 704 420 reformare
712 383 762 430 velis,

142 446 204 492 currit,
219 446 290 484 dicam?
303 459 327 483 an
338 446 420 484 titubat?
433 446 537 484 hocmodo:
549 444 629 482 Ἔλαθεν
639 443 670 481 τὸν
682 442 764 495 άρχοντα

142 510 174 545 τοῦ
191 507 253 548 αι’ὢνος
266 506 356 554 τοῦτουή
373 507 462 558 παρθενία
478 506 558 557 Μαρίας,
576 504 606 543 καὶ
621 504 630 541 ὁ
646 503 718 544 τοκετὸς
732 505 763 541 τοῦ

143 567 217 620 Κυρίου,
232 567 263 606 καί
279 566 321 619 τρία
333 567 424 619 μυστήρια
439 569 522 620 κραυχής,
538 566 591 605 άτινα
605 565 624 604 ἐν
637 564 706 617 ήσνχίρ
716 566 764 603 Θεοῦ

145 628 231 680 ἐπράχθη
240 628 277 666 άττὸ
285 630 317 666 τοῦ
326 628 407 680 ἀστέρος.
434 629 506 667 Scilicet
514 632 557 678 post,
563 627 638 666 uerbum
647 624 736 678 ἐπράχθη,
745 626 765 664 in

145 704 180 738 quo
189 691 256 727 desiuit
265 691 355 727 sententia
363 692 383 727 in
392 691 436 727 God.
446 691 535 736 Medioeo,
547 691 586 726 hae
599 693 708 737 sequuntur:
722 689 765 728 Πῶς

144 750 175 788 οῦν
184 749 287 800 ἐφανερώθη
296 752 333 790 τοῖς
344 750 417 793 uiduam
430 749 500 799 Ἀστὴρ
514 749 533 787 ἐν
546 748 614 800 οὐράνην
626 748 712 798 ἔλαμψεν
720 746 765 798 ὑπὲρ

144 811 214 851 πάντας
226 809 268 850 τοῦς
277 809 360 860 άστέρας,
371 826 387 848 κ.
392 816 427 848 τ.λ.
442 812 529 848 allusione
537 812 586 849 fecta
594 810 617 848 ad
625 811 697 848 stellurn
705 810 766 859 Magis

144 873 277 920 praelucentem,
288 883 347 919 quam,
357 871 415 907 allatis
424 871 505 919 pluribus
516 872 548 909 SS.
558 873 634 909 Panum
646 871 695 916 loois,
705 871 766 908 defen-

144 932 171 969 dit
177 932 279 969 Pcarsonus
291 935 354 968 contra
364 931 486 968 inconsultam
500 944 594 968 censimum
608 931 678 977 Dassaei,
688 933 736 969 Part.
746 932 766 969 ii.

144 1004 182 1041 capi
191 1004 208 1028 x.
221 991 254 1028 sub
266 991 322 1028 finem
327 1006 332 1037 ς
346 991 427 1028 defendit
442 994 506 1028 contra
517 992 627 1029 recentiores
639 991 766 1041 Denuingerus

143 1053 163 1089 in
172 1054 258 1090 Tractatu
266 1064 305 1097 suo,
314 1065 331 1101 p.
339 1053 368 1088 59.

168 1113 264 1158 Eusebius,
276 1114 297 1150 in
306 1113 441 1151 Quee'stionibus
450 1113 472 1150 ad
483 1114 601 1161 Stephanum,
612 1114 673 1150 locum
686 1113 766 1150 adhunc

145 1175 220 1213 modum
233 1174 328 1211 exscribit:
340 1172 411 1211 ’Έλαθε
424 1172 455 1210 τὸν
467 1172 548 1224 άρχοντα
561 1176 592 1212 τοῦ
606 1174 668 1214 αἰῶνος
681 1173 767 1221 τοῦτουή

145 1233 233 1286 παρθενία
246 1234 325 1285 Μαρίας,
339 1233 370 1271 καὶ
383 1232 392 1271 ὁ
407 1232 478 1274 τοκετὸς
491 1232 550 1282 αὐτῆς,
560 1233 623 1283 ὁμοίως
635 1232 666 1272 καὶ
674 1233 683 1271 ὸ
692 1232 768 1275 θάνατος

146 1299 177 1334 τοῦ
189 1296 276 1346 Χριστοῦ·
293 1294 335 1345 τρία
346 1293 439 1346 μυστήρια
447 1297 530 1345 κραυηής,
543 1294 596 1333 άτινα
609 1295 627 1334 ἐν
638 1294 708 1346 ἡσυχίᾳ
721 1295 768 1332 Θεοῦ

146 1354 237 1408 ἐπράχθη.
269 1357 297 1393 Ea
309 1357 349 1401 fide,
366 1369 402 1405 qua
416 1357 467 1402 solet,
486 1356 547 1393 omnia
561 1360 616 1405 prout
630 1357 651 1394 in
662 1356 706 1394 Cod.
716 1356 767 1393 Med.

145 1418 199 1455 hodie
212 1418 304 1465 leguntur,
317 1417 352 1454 nisi
365 1417 413 1466 quod
425 1417 507 1467 Χριστοῦ
520 1417 575 1454 habet
590 1430 622 1466 pro
636 1416 710 1467 Κυρίου,
720 1417 767 1466 quod

146 1478 195 1516 idem
204 1481 237 1514 est,
682 1513 686 1522 ,

171 1540 255 1577 Andreas
264 1539 365 1575 Cretensis:
376 1537 446 1575 Ἔλαθε
459 1538 491 1575 τὸν
500 1537 582 1588 άρχοντα
594 1539 625 1575 τοῦ
634 1536 697 1578 αἰῶνος
705 1536 769 1576 τοῦτον

145 1600 156 1648 ή
170 1598 260 1650 παρθενίου
271 1597 351 1649 Μαρίας,
364 1598 395 1636 καὶ
412 1597 421 1636 ὸ
438 1597 490 1639 τόκος
503 1598 563 1643 αὐτῆς,
578 1598 608 1636 καὶ
622 1598 631 1635 ὁ
646 1590 722 1639 θάνατος
737 1601 768 1638 τοῦ
817 1632 820 1634 .

145 1662 235 1712 Χριστοῦ·
254 1659 296 1709 τρία
315 1658 408 1709 μυστήρια
425 1658 498 1710 φρικτά,
518 1657 572 1696 άτινα
590 1659 609 1696 ἐν
630 1658 700 1709 ήσνχίρι
722 1660 769 1697 Θεοῦ

146 1720 235 1772 ἐπράχθη.
261 1721 311 1757 Voce
328 1721 399 1757 solenni
415 1719 467 1759 τόκος
483 1720 542 1773 utitur
559 1731 591 1768 pro
605 1718 685 1760 τοκετὸς·
704 1720 769 1758 deinde

144 1783 217 1831 legebat
224 1782 312 1832 Χριστοῦ,
321 1785 343 1818 ut
350 1782 441 1819 Eusebius
448 1797 452 1827 ;
466 1782 545 1829 denique
558 1778 627 1830 φρικτὸν
635 1781 728 1818 substituit
736 1795 769 1830 pro

146 1844 230 1893 κραυχής,
240 1843 262 1880 de
271 1855 307 1890 ητα
314 1842 417 1879 mutatione
424 1843 477 1890 plura
485 1842 562 1890 posthae
571 1841 653 1878 dicenda.
661 1885 662 1888 Ἰ

172 1903 245 1939 Jovium
259 1902 372 1938 Monachum
389 1914 426 1938 non
443 1913 540 1946 moramur,
557 1901 599 1950 quio
611 1913 684 1938 sensum
701 1901 770 1949 Ignatii

146 1963 208 2011 potius
217 1974 271 2009 quain
280 1962 335 1999 verba
342 1965 466 2009 repraesentat,
475 1973 509 1998 nec
522 1965 585 1997 tamen
596 1961 672 1998 dubium
684 1962 770 2009 relinquit

148 2023 192 2071 quid
200 2021 220 2058 in
228 2024 281 2058 textu
289 2022 311 2058 B.
319 2021 407 2070 Martyris
415 2025 511 2070 repererat.
676 2024 679 2026 ’

172 2083 278 2121 Timotheus
286 2082 352 2130 legisse
360 2082 443 2119 videtur:
460 2081 531 2118 Ἔλαθε
539 2081 570 2119 τὸν
578 2081 659 2133 άρχοντα
668 2083 699 2119 τοῦ
708 2082 770 2123 αἰῶνος

148 2143 213 2194 τοῦτον
221 2142 232 2190 ἡ
239 2140 328 2192 παρθενία
340 2141 418 2193 Μαρίας,
430 2140 478 2180 καὶὸ
488 2141 560 2182 τοκετὸς
568 2141 630 2189 αῦτής,
639 2141 703 2190 ὁμοίως
712 2141 731 2179 δὲ
740 2143 770 2180 καὶ

147 2203 240 2243 ὁθάυατος
249 2204 280 2241 τοῦ
286 2202 359 2254 Κυρίου·
373 2202 415 2254 τρία
420 2201 513 2254 μυστήρια
521 2204 606 2253 κραυγῆς,
612 2201 665 2241 άτινα
674 2202 692 2241 ἐν
700 2202 770 2256 ήσυχίρ

148 2267 195 2302 Θεοῦ
207 2263 298 2314 ἐπράχθη.
324 2265 377 2301 Nihil
385 2265 465 2300 deflectit
480 2278 491 2300 a
504 2264 570 2300 Codice
579 2263 668 2308 Medice0‚
677 2264 712 2299 nisi
723 2266 770 2311 quod

146 2324 255 2374 particulam
263 2321 287 2369 δὲ,
297 2335 336 2371 qum
345 2324 430 2361 excidisse
438 2323 515 2370 videtur,
525 2320 602 2361 suolooo
610 2324 695 2360 restituit.
713 2324 771 2361 Nulla

144 2384 232 2423 notabilis
243 2384 319 2421 varietas
333 2388 361 2421 est
373 2384 394 2421 iu
406 2384 463 2422 altero
477 2386 529 2435 Syro,
542 2385 575 2433 qui
584 2384 690 2422 citationem
703 2384 770 2422 claudit
821 2427 823 2430 7

147 2447 214 2486 omisso
222 2446 320 2495 posteriore
329 2447 423 2484 sententiae
431 2447 519 2485 membro.
778 2443 781 2445 ’

172 2510 265 2557 Interpres
276 2508 379 2555 Armenius,
393 2512 415 2546 ut
430 2509 494 2547 ducem
509 2521 605 2558 sequamur
619 2509 768 2557 Petermannum,

146 2571 167 2607 in
175 2569 261 2607 ulteriore
268 2569 348 2605 clausula
356 2570 430 2617 legerat,
434 2569 475 2621 τρία
487 2569 580 2620 μυστήρια
590 2570 669 2620 κραυγῆς
678 2568 745 2619 φρικτὰ
752 2571 770 2608 ἐν

145 2628 216 2681 ήσνχίρ
225 2629 271 2667 Θεοῦ
286 2628 377 2680 ἐπράχθη.
403 2631 427 2668 ln
444 2631 512 2669 caeteris
527 2645 568 2669 curn
586 2631 682 2668 Timotheo
699 2630 771 2668 videtur

147 2690 254 2729 consentire.
337 2690 339 2693 ⁴
