1679 2935
267 164 291 190 AB
303 160 442 189 OBJEOTIONOEUS
453 160 561 187 amalthaea.
690 153 725 189 189

106 264 146 299 quae
153 246 244 299 Epistolas
256 252 396 299 praeeesserunt:
410 249 426 285 si
435 262 470 297 qua
478 249 546 285 fuerint
554 251 617 297 postea
625 248 726 294 decantata,

107 324 130 348 ex
142 311 230 358 Epistolis
246 311 342 360 desumpta
358 310 414 347 fnisse
431 314 449 347 et
464 310 516 347 facile
529 309 639 357 intelligitur
653 313 671 346 et
686 310 729 346 satis

63 408 64 413 ¹
107 375 156 406 certo
165 372 284 418 cognoscitur.
311 372 340 407 Hx
348 371 423 416 Usserio
436 368 509 419 quidem
517 370 597 406 Dallaeus
610 373 628 405 et
637 370 729 419 Hierony-

106 443 163 476 mum,
179 435 198 468 et
212 431 261 469 Aeta
275 432 330 469 etiam
346 431 406 480 aliqua
420 430 512 481 Martyrii,
525 427 563 468 suae
576 429 657 478 opinioni
670 430 730 468 1111010

106 487 212 532 intellexit:
234 494 266 531 sed
282 494 316 531 nec
330 493 362 530 illa
381 493 404 530 ad
420 493 468 530 hanc
484 506 524 531 rem
541 492 637 541 quicquam
654 492 729 530 faciunt.

107 553 173 591 Fateor
188 554 272 603 equidem
290 554 424 603 Hieronymum
441 554 540 603 scripsisse,
556 553 611 590 verba
627 567 667 602 quae
682 554 730 602 apud

107 615 283 652 Irenaeum'exstant
291 615 385 664 ignatium
397 615 480 652 locutum
492 615 554 660 fuisse,
568 616 626 651 “eum
637 614 730 662 rugientes

107 675 178 710 audiret
189 675 269 721 leones,’'
279 676 328 711 utin
337 675 426 723 aliquibus
439 675 530 711 codicibus
543 674 627 722 legimus.
652 675 702 709 Nam
710 675 730 709 in

108 734 147 771 aliis
163 735 210 772 illud
227 736 303 773 “eum'’
321 748 342 772 eo
359 735 398 773 loco
415 748 454 772 non
470 739 550 784 apparet.
576 735 678 783 “Cumque
692 735 731 783 jam

61 844 63 849 ,
108 796 204 833 damnatus
211 802 257 834 esset
264 798 287 834 ad
294 797 366 843 bestias,
374 801 392 833 et
399 797 462 834 ardore
468 796 551 846 patiendi
558 796 651 845 rugientes
660 796 731 833 audiret
747 794 751 799 ’

107 857 175 903 leones,
185 857 228 894 ait.''
253 858 318 896 Exhis
327 857 469 894 enimnontam
477 857 570 907 perspicue
582 858 679 893 “Romae”
689 870 739 893 01111,
777 865 779 869 ⁴

107 918 146 956 haee
155 918 226 965 dixisse,
236 932 256 957 ae
265 920 302 956 “in
313 932 333 956 re
345 919 435 968 praesenti,
449 923 467 956 et
481 919 532 968 quasi
543 918 564 955 in
577 931 631 962 arena
644 918 699 967 ipsa'’
709 932 731 955 ex

107 984 169 1016 mente
176 980 287 1029 Hieronymi
291 984 370 1029 apparet.
384 981 437 1016 Certe
443 980 490 1016 illud
499 979 547 1016 “et’'
558 979 606 1026 quod
611 979 632 1014 in
638 979 731 1015 Breviario

108 1039 191 1076 Romano
203 1040 297 1088 reperitur,
306 1044 324 1077 et
334 1040 398 1076 Graeca
407 1039 506 1088 Sophronii
514 1036 596 1076 versione
608 1038 730 1084 confirmatur,

108 1100 164 1136 aliurn
178 1113 252 1138 sensum
267 1100 358 1149 postulare
374 1100 457 1145 ridetury
476 1111 536 1148 neque
553 1098 602 1135 enim
616 1099 685 1145 Romae,
701 1099 732 1136 sed

108 1161 211 1198 Antiochia
228 1161 341 1198 “damnatus
358 1164 385 1197 est
403 1160 426 1196 ad
441 1160 539 1205 bestias;’'
560 1159 653 1207 rugientes
670 1157 732 1197 autem

108 1221 170 1258 leones
183 1226 222 1258 tam
237 1223 319 1271 Smyrnae
333 1234 387 1270 quam
398 1222 462 1258 11011ῑο
473 1221 536 1257 audire
546 1220 606 1268 potuit
611 1236 617 1266 ς
629 1234 664 1258 100
675 1223 732 1258 “rem

108 1283 232 1329 praesentem”
239 1282 341 1330 intelligere
346 1281 418 1318 videtur
425 1280 578 1329 Sophronius,qui
583 1281 663 1317 detritos
669 1281 732 1317 bertia-

108 1355 148 1379 ram
156 1343 216 1388 1110101,
230 1341 306 1393 εὔχομαι
318 1343 355 1382 τοῖς
367 1339 429 1379 ὀδοῦσι
441 1343 477 1379 τῶν
490 1339 556 1391 θηρίων
565 1338 665 1388 <theodatum
673 1345 733 1379 trans·
761 1350 764 1360 ¹*

108 1403 157 1441 tulit.
185 1404 220 1441 Sed
231 1408 313 1441 mentem
322 1402 431 1452 Hieronymi
443 1403 463 1440 in
475 1403 509 1439 hae
521 1415 541 1440 re
553 1414 592 1439 non
603 1415 664 1439 moror
669 1418 675 1448 5
689 1403 732 1451 quid

108 1463 143 1499 iste
155 1476 187 1511 per
199 1463 231 1499 ille
238 1463 293 1500 verba
300 1463 377 1501 voluerit
390 1475 455 1511 parum
467 1462 527 1508 refert,
538 1475 577 1510 quae
586 1462 608 1499 ab
617 1475 638 1500 eo
647 1463 686 1500 sine
694 1464 732 1500 ulla

109 1523 216 1560 111010111110
227 1523 276 1560 dicta
289 1522 350 1560 sanai.
376 1523 444 1559 Omnia
457 1536 496 1570 quae
506 1524 528 1560 de
537 1523 639 1570 Ignatianis
647 1524 703 1561 habet
711 1525 732 1561 in

109 1583 201 1631 Catalogo,
210 1595 232 1619 ex
240 1583 319 1620 Eusebio
328 1582 414 1631 sumpsit:
428 1595 450 1619 ex
458 1583 612 1632 illotranscripsit
621 1585 731 1622 sententiam

109 1643 156 1680 hanc
165 1643 187 1680 ab
194 1644 264 1680 Irenaeo
271 1644 369 1680 laudatam.
382 1643 436 1679 Nihil
444 1644 480 1679 tale
486 1644 581 1689 Eusebius,
586 1644 634 1680 nihil
640 1646 730 1683 irenaeus:
739 1658 794 1695 (atinus

109 1705 132 1740 de
141 1718 173 1740 suo
181 1705 213 1740 illa
220 1705 274 1741 rerba
283 1718 322 1753 quae
330 1708 401 1752 tempus
413 1705 499 1741 denotare
508 1706 603 1742 videantur
612 1711 644 1742 aut
651 1707 730 1755 ineante,
738 1698 825 1770 {rigffiae

109 1770 141 1803 aut
153 1765 242 1803 rhetorice
255 1765 334 1810 addidit3
349 1769 403 1814 atque
415 1765 442 1802 ita
455 1779 495 1815 quae
509 1766 532 1804 ab
544 1766 623 1804 Eusebio
638 1773 731 1818 acceperat
738 1772 771 1802 dam
777 1772 794 1801 in

108 1827 169 1864 minus
177 1831 226 1864 recte
234 1827 315 1874 tradidit,
325 1826 373 1875 quod
385 1826 403 1863 01
415 1826 435 1863 in
446 1827 481 1864 hoo
490 1828 549 1876 Opere
562 1828 635 1865 solenne
644 1833 676 1867 est.
702 1831 730 1867 De
738 1811 811 1878 Sepyalliqu

109 1887 206 1936 Apollonio
215 1899 270 1935 agens
278 1888 329 1936 eujus
340 1887 448 1935 martyrium
461 1887 577 1936 descripserat
585 1888 679 1935 Eusebius,
689 1902 731 1926 eum
738 1886 808 1924 onymus.)

109 1946 132 1984 de
141 1961 173 1984 suo
182 1952 283 1984 senatorem
291 1946 340 1992 facit,
348 1946 419 1995 insigne
427 1945 455 1983 illi
462 1946 548 1984 volumen
556 1947 645 1995 attribuit,
654 1962 732 2000 eumque

109 2008 129 2044 in
139 2009 246 2057 Catalogum
255 2008 368 2056 Scriptorum
380 2008 548 2055 Ecclesiasticorum
561 2010 621 2055 refert,
635 2011 672 2047 imo
684 2011 733 2048 inter

110 2081 140 2105 001
153 2069 228 2106 tandem
241 2072 326 2106 numerat
340 2068 398 2116 Epist.
409 2068 475 2106 11111111.
490 2069 543 2118 [lxx]
561 2072 573 2089 “
581 2070 612 2118 qui
626 2070 734 2108 intantum

19 2135 21 2137 ’
83 2172 85 2174 ¹
110 2129 261 2177 Philosophorum
282 2128 369 2165 doctrinis
390 2133 444 2176 atque
465 2130 560 2172 sententiis
577 2143 618 2166 suos
634 2133 734 2167 referciunt

109 2188 170 2234 libros,
179 2192 200 2226 ut
208 2189 277 2226 nescias
286 2188 330 2237 quid
337 2188 358 2225 in
366 2188 402 2225 illis
410 2182 490 2238 primurn
498 2189 585 2226 admirari
593 2190 663 2236 debeas,
673 2192 733 2229 erudi-

110 2248 180 2286 tionem
192 2249 259 2296 saeculi,
269 2263 293 2286 an
301 2248 396 2286 scientiam
405 2249 559 2300 Scripturarunr.”
586 2251 631 2288 Haec
642 2252 733 2302 Hierony-

110 2322 151 2348 rnus
171 2311 242 2361 proprio
263 2310 337 2360 ingenio
354 2323 376 2347 ex
392 2310 472 2348 Eusebio
488 2311 559 2348 extudit
576 2315 595 2348 et
612 2313 732 2361 exaggeravit.

111 2371 176 2421 Neque
187 2373 236 2410 enim
245 2372 345 2410 audiendus
355 2371 444 2420 Josephns
454 2372 539 2420 Scaliger,
549 2372 580 2420 qui
592 2385 634 2409 eum
647 2386 689 2410 cum
700 2374 733 2412 1111

111 2432 201 2479 scriberet,
212 2436 266 2472 “non
275 2435 360 2472 Graecum
367 2430 442 2469 Eirsebii
451 2433 547 2480 exemplar,
556 2433 587 2469 sed
597 2434 667 2471 Ruffini
675 2435 732 2473 inter-

129 2508 136 2526 l
149 2510 193 2539 Hune
203 2513 251 2541 1001111
261 2513 347 2551 Hieronymi
357 2512 411 2540 iterum
434 2511 484 2540 ardore
489 2511 555 2548 patiendi
560 2512 673 2550 itainllpistola
678 2506 735 2545 locutus

111 2547 164 2590 tractat
170 2547 253 2586 Peersonns,
260 2551 298 2580 RH.
304 2550 366 2587 01111111.
373 2550 411 2578 Mihi
436 2552 461 2585 est,
474 2550 514 2587 quasi
525 2550 556 2587 jam
568 2558 631 2588 praesens
644 2553 701 2583 uirdiret
713 2563 735 2582 ru·

112 2583 170 2628 quidem
180 2585 218 2613 nihil
230 2589 270 2616 aliud
281 2589 412 2618 1011111011110111
436 2589 491 2626 gieutes
499 2589 551 2618 leones.

112 2621 214 2659 Hieronymus,
220 2633 263 2660 quam
270 2628 282 2655 si
288 2627 373 2666 scripsisset,
379 2627 412 2656 Prae
