<?xml version="1.0" encoding="UTF-8"?>
<!DOCTYPE html PUBLIC "-//W3C//DTD XHTML 1.0 Transitional//EN"
    "http://www.w3.org/TR/xhtml1/DTD/xhtml1-transitional.dtd">
<html xmlns="http://www.w3.org/1999/xhtml" xml:lang="en" lang="en">
 <head>
  <title>
</title>
<meta http-equiv="Content-Type" content="text/html;charset=utf-8" />
  <meta name='ocr-system' content='tesseract 3.04.00' />
  <meta name='ocr-capabilities' content='ocr_page ocr_carea ocr_par ocr_line ocrx_word'/>
</head>
<body>
  <div class='ocr_page' id='page_1' title='image "MN41843ucmf_1_0146.png"; bbox 0 0 1747 2957; ppageno 0'>
   <div class='ocr_carea' id='block_1_1' title="bbox 351 196 572 245">
    <p class='ocr_par' dir='ltr' id='par_1_1' title="bbox 351 196 572 245">
     <span class='ocr_line' id='line_1_1' title="bbox 351 196 572 245; baseline 0.005 -3"><span class='ocrx_word' id='word_1_1' title='bbox 351 196 486 244; x_wconf 71' lang='lat' dir='ltr'>rernuus&#39;uor</span> <span class='ocrx_word' id='word_1_2' title='bbox 499 216 572 245; x_wconf 79' lang='lat' dir='ltr'>monor</span> 
     </span>
    </p>
   </div>
   <div class='ocr_carea' id='block_1_2' title="bbox 346 736 576 774">
    <p class='ocr_par' dir='ltr' id='par_1_2' title="bbox 346 736 576 774">
     <span class='ocr_line' id='line_1_2' title="bbox 346 736 576 774; baseline 0.004 -1"><span class='ocrx_word' id='word_1_3' title='bbox 346 736 443 773; x_wconf 79' lang='lat' dir='ltr'>Arrnumx</span> <span class='ocrx_word' id='word_1_4' title='bbox 454 737 535 774; x_wconf 73' lang='grc'>11011.</span> <span class='ocrx_word' id='word_1_5' title='bbox 550 738 576 774; x_wconf 79' lang='lat' dir='ltr'>IL</span> 
     </span>
    </p>
   </div>
   <div class='ocr_carea' id='block_1_3' title="bbox 130 850 774 2602">
    <p class='ocr_par' dir='ltr' id='par_1_3' title="bbox 150 850 773 1679">
     <span class='ocr_line' id='line_1_3' title="bbox 175 850 772 900; baseline 0.003 -14"><span class='ocrx_word' id='word_1_6' title='bbox 175 851 262 886; x_wconf 75' lang='grc'>1111111101</span> <span class='ocrx_word' id='word_1_7' title='bbox 277 850 345 900; x_wconf 78' lang='lat' dir='ltr'>Capitis</span> <span class='ocrx_word' id='word_1_8' title='bbox 360 851 455 887; x_wconf 72' lang='lat' dir='ltr'>materiam</span> <span class='ocrx_word' id='word_1_9' title='bbox 470 851 496 887; x_wconf 85' lang='lat' dir='ltr'>ita</span> <span class='ocrx_word' id='word_1_10' title='bbox 511 851 588 889; x_wconf 83' lang='lat' dir='ltr'>fideliter</span> <span class='ocrx_word' id='word_1_11' title='bbox 602 851 689 889; x_wconf 62' lang='lat' dir='ltr'>instruxit</span> <span class='ocrx_word' id='word_1_12' title='bbox 704 856 722 889; x_wconf 90' lang='lat' dir='ltr'>et</span> <span class='ocrx_word' id='word_1_13' title='bbox 737 851 772 888; x_wconf 91' lang='lat' dir='ltr'>dis-</span> 
     </span>
     <span class='ocr_line' id='line_1_4' title="bbox 151 912 773 962; baseline 0.002 -14"><span class='ocrx_word' id='word_1_14' title='bbox 151 913 212 962; x_wconf 85' lang='lat' dir='ltr'>posuit</span> <span class='ocrx_word' id='word_1_15' title='bbox 220 913 327 958; x_wconf 82' lang='lat' dir='ltr'>Pearsouus,</span> <span class='ocrx_word' id='word_1_16' title='bbox 337 912 363 949; x_wconf 87' lang='lat' dir='ltr'>ita</span> <span class='ocrx_word' id='word_1_17' title='bbox 373 912 475 961; x_wconf 81' lang='lat' dir='ltr'>diligenter,</span> <span class='ocrx_word' id='word_1_18' title='bbox 485 925 507 949; x_wconf 81' lang='lat' dir='ltr'>eu</span> <span class='ocrx_word' id='word_1_19' title='bbox 518 913 640 961; x_wconf 84' lang='lat' dir='ltr'>Scriptoribus</span> <span class='ocrx_word' id='word_1_20' title='bbox 650 914 705 950; x_wconf 87' lang='lat' dir='ltr'>etiam</span> <span class='ocrx_word' id='word_1_21' title='bbox 714 913 773 950; x_wconf 82' lang='lat' dir='ltr'>adhue</span> 
     </span>
     <span class='ocr_line' id='line_1_5' title="bbox 150 972 772 1020; baseline -0.002 -10"><span class='ocrx_word' id='word_1_22' title='bbox 150 972 229 1019; x_wconf 75' lang='lat' dir='ltr'>ineditis,</span> <span class='ocrx_word' id='word_1_23' title='bbox 241 972 346 1010; x_wconf 87' lang='lat' dir='ltr'>testimonia</span> <span class='ocrx_word' id='word_1_24' title='bbox 360 973 457 1020; x_wconf 78' lang='lat' dir='ltr'>arcessivit,</span> <span class='ocrx_word' id='word_1_25' title='bbox 471 974 534 1011; x_wconf 81' lang='lat' dir='ltr'>utrix</span> <span class='ocrx_word' id='word_1_26' title='bbox 548 986 606 1010; x_wconf 89' lang='lat' dir='ltr'>unum</span> <span class='ocrx_word' id='word_1_27' title='bbox 619 976 638 1011; x_wconf 88' lang='lat' dir='ltr'>et</span> <span class='ocrx_word' id='word_1_28' title='bbox 651 974 728 1010; x_wconf 88' lang='lat' dir='ltr'>alterum</span> <span class='ocrx_word' id='word_1_29' title='bbox 743 973 772 1019; x_wconf 85' lang='lat' dir='ltr'>sit,</span> 
     </span>
     <span class='ocr_line' id='line_1_6' title="bbox 151 1034 773 1083; baseline 0.002 -13"><span class='ocrx_word' id='word_1_30' title='bbox 151 1034 199 1083; x_wconf 91' lang='lat' dir='ltr'>quod</span> <span class='ocrx_word' id='word_1_31' title='bbox 212 1046 234 1071; x_wconf 86' lang='lat' dir='ltr'>ex</span> <span class='ocrx_word' id='word_1_32' title='bbox 246 1035 369 1072; x_wconf 76' lang='lat' dir='ltr'>recentiorum</span> <span class='ocrx_word' id='word_1_33' title='bbox 381 1034 494 1075; x_wconf 74' lang='lat' dir='ltr'>Criticorum</span> <span class='ocrx_word' id='word_1_34' title='bbox 506 1034 597 1071; x_wconf 86' lang='lat' dir='ltr'>industria</span> <span class='ocrx_word' id='word_1_35' title='bbox 609 1034 706 1083; x_wconf 77' lang='lat' dir='ltr'>prolatum,</span> <span class='ocrx_word' id='word_1_36' title='bbox 720 1037 738 1072; x_wconf 89' lang='lat' dir='ltr'>et</span> <span class='ocrx_word' id='word_1_37' title='bbox 752 1047 773 1071; x_wconf 83' lang='lat' dir='ltr'>ex</span> 
     </span>
     <span class='ocr_line' id='line_1_7' title="bbox 151 1095 773 1145; baseline -0.002 -14"><span class='ocrx_word' id='word_1_38' title='bbox 151 1095 274 1132; x_wconf 85' lang='lat' dir='ltr'>monumentis</span> <span class='ocrx_word' id='word_1_39' title='bbox 283 1096 369 1145; x_wconf 76' lang='lat' dir='ltr'>Petrum,</span> <span class='ocrx_word' id='word_1_40' title='bbox 377 1095 466 1131; x_wconf 84' lang='lat' dir='ltr'>haetenus</span> <span class='ocrx_word' id='word_1_41' title='bbox 478 1095 604 1142; x_wconf 73' lang='lat' dir='ltr'>publieijuris</span> <span class='ocrx_word' id='word_1_42' title='bbox 616 1096 674 1139; x_wconf 77' lang='lat' dir='ltr'>factis,</span> <span class='ocrx_word' id='word_1_43' title='bbox 687 1095 773 1142; x_wconf 82' lang='lat' dir='ltr'>adjicien-</span> 
     </span>
     <span class='ocr_line' id='line_1_8' title="bbox 152 1153 772 1203; baseline 0.005 -13"><span class='ocrx_word' id='word_1_44' title='bbox 152 1153 196 1190; x_wconf 87' lang='lat' dir='ltr'>dum</span> <span class='ocrx_word' id='word_1_45' title='bbox 204 1157 266 1201; x_wconf 82' lang='lat' dir='ltr'>restat,</span> <span class='ocrx_word' id='word_1_46' title='bbox 276 1167 311 1203; x_wconf 87' lang='lat' dir='ltr'>quo</span> <span class='ocrx_word' id='word_1_47' title='bbox 321 1154 344 1191; x_wconf 85' lang='lat' dir='ltr'>ad</span> <span class='ocrx_word' id='word_1_48' title='bbox 353 1154 423 1191; x_wconf 75' lang='lat' dir='ltr'>externi</span> <span class='ocrx_word' id='word_1_49' title='bbox 435 1155 537 1203; x_wconf 82' lang='lat' dir='ltr'>argumenti</span> <span class='ocrx_word' id='word_1_50' title='bbox 549 1167 638 1193; x_wconf 89' lang='lat' dir='ltr'>summam</span> <span class='ocrx_word' id='word_1_51' title='bbox 646 1155 772 1203; x_wconf 79' lang='lat' dir='ltr'>perducamur.</span> 
     </span>
     <span class='ocr_line' id='line_1_9' title="bbox 151 1214 773 1266; baseline 0.002 -14"><span class='ocrx_word' id='word_1_52' title='bbox 151 1215 218 1264; x_wconf 82' lang='lat' dir='ltr'>Neque</span> <span class='ocrx_word' id='word_1_53' title='bbox 233 1215 254 1252; x_wconf 90' lang='lat' dir='ltr'>id</span> <span class='ocrx_word' id='word_1_54' title='bbox 267 1215 320 1252; x_wconf 82' lang='lat' dir='ltr'>nobis</span> <span class='ocrx_word' id='word_1_55' title='bbox 337 1214 358 1252; x_wconf 88' lang='lat' dir='ltr'>in</span> <span class='ocrx_word' id='word_1_56' title='bbox 375 1215 435 1252; x_wconf 87' lang='lat' dir='ltr'>animo</span> <span class='ocrx_word' id='word_1_57' title='bbox 452 1219 485 1262; x_wconf 83' lang='lat' dir='ltr'>est,</span> <span class='ocrx_word' id='word_1_58' title='bbox 500 1220 522 1253; x_wconf 90' lang='lat' dir='ltr'>ut</span> <span class='ocrx_word' id='word_1_59' title='bbox 537 1215 582 1266; x_wconf 81' lang='lat' dir='ltr'>lyrae</span> <span class='ocrx_word' id='word_1_60' title='bbox 597 1215 739 1262; x_wconf 73' lang='lat' dir='ltr'>absolutissima,</span> <span class='ocrx_word' id='word_1_61' title='bbox 755 1220 773 1253; x_wconf 88' lang='lat' dir='ltr'>et</span> 
     </span>
     <span class='ocr_line' id='line_1_10' title="bbox 151 1276 772 1326; baseline 0 -12"><span class='ocrx_word' id='word_1_62' title='bbox 151 1277 219 1314; x_wconf 86' lang='lat' dir='ltr'>mirum</span> <span class='ocrx_word' id='word_1_63' title='bbox 228 1277 318 1326; x_wconf 86' lang='lat' dir='ltr'>quendam</span> <span class='ocrx_word' id='word_1_64' title='bbox 327 1276 408 1314; x_wconf 90' lang='lat' dir='ltr'>omnium</span> <span class='ocrx_word' id='word_1_65' title='bbox 416 1277 531 1314; x_wconf 90' lang='lat' dir='ltr'>modulorum</span> <span class='ocrx_word' id='word_1_66' title='bbox 540 1289 648 1314; x_wconf 87' lang='lat' dir='ltr'>consensum</span> <span class='ocrx_word' id='word_1_67' title='bbox 656 1281 772 1314; x_wconf 85' lang='lat' dir='ltr'>concentum-</span> 
     </span>
     <span class='ocr_line' id='line_1_11' title="bbox 153 1337 773 1387; baseline 0 -13"><span class='ocrx_word' id='word_1_68' title='bbox 153 1351 188 1386; x_wconf 83' lang='lat' dir='ltr'>que</span> <span class='ocrx_word' id='word_1_69' title='bbox 197 1337 278 1387; x_wconf 83' lang='lat' dir='ltr'>spiranti,</span> <span class='ocrx_word' id='word_1_70' title='bbox 288 1337 374 1375; x_wconf 82' lang='lat' dir='ltr'>chordam</span> <span class='ocrx_word' id='word_1_71' title='bbox 382 1350 448 1376; x_wconf 88' lang='lat' dir='ltr'>novam</span> <span class='ocrx_word' id='word_1_72' title='bbox 461 1338 556 1375; x_wconf 85' lang='lat' dir='ltr'>adnectere</span> <span class='ocrx_word' id='word_1_73' title='bbox 569 1350 665 1383; x_wconf 80' lang='lat' dir='ltr'>conemur3</span> <span class='ocrx_word' id='word_1_74' title='bbox 679 1338 715 1384; x_wconf 85' lang='lat' dir='ltr'>sed,</span> <span class='ocrx_word' id='word_1_75' title='bbox 726 1339 773 1386; x_wconf 87' lang='lat' dir='ltr'>quod</span> 
     </span>
     <span class='ocr_line' id='line_1_12' title="bbox 151 1399 773 1449; baseline 0 -13"><span class='ocrx_word' id='word_1_76' title='bbox 151 1412 252 1449; x_wconf 81' lang='lat' dir='ltr'>possumus,</span> <span class='ocrx_word' id='word_1_77' title='bbox 262 1399 338 1437; x_wconf 84' lang='lat' dir='ltr'>aliorum</span> <span class='ocrx_word' id='word_1_78' title='bbox 347 1399 433 1437; x_wconf 87' lang='lat' dir='ltr'>Virorum</span> <span class='ocrx_word' id='word_1_79' title='bbox 442 1400 543 1437; x_wconf 79' lang='lat' dir='ltr'>Doctorum</span> <span class='ocrx_word' id='word_1_80' title='bbox 552 1411 606 1448; x_wconf 80' lang='lat' dir='ltr'>opera</span> <span class='ocrx_word' id='word_1_81' title='bbox 614 1399 677 1447; x_wconf 76' lang='lat' dir='ltr'>adjuti,</span> <span class='ocrx_word' id='word_1_82' title='bbox 685 1400 773 1436; x_wconf 78' lang='lat' dir='ltr'>nonnulle</span> 
     </span>
     <span class='ocr_line' id='line_1_13' title="bbox 152 1459 772 1508; baseline -0.003 -11"><span class='ocrx_word' id='word_1_83' title='bbox 152 1463 235 1497; x_wconf 79' lang='lat' dir='ltr'>veterum</span> <span class='ocrx_word' id='word_1_84' title='bbox 248 1460 360 1508; x_wconf 83' lang='lat' dir='ltr'>Scriptorum</span> <span class='ocrx_word' id='word_1_85' title='bbox 370 1459 409 1495; x_wconf 85' lang='lat' dir='ltr'>loca</span> <span class='ocrx_word' id='word_1_86' title='bbox 420 1459 478 1508; x_wconf 78' lang='lat' dir='ltr'>magis</span> <span class='ocrx_word' id='word_1_87' title='bbox 487 1459 588 1504; x_wconf 85' lang='lat' dir='ltr'>emendata,</span> <span class='ocrx_word' id='word_1_88' title='bbox 598 1462 616 1495; x_wconf 91' lang='lat' dir='ltr'>et</span> <span class='ocrx_word' id='word_1_89' title='bbox 627 1460 772 1496; x_wconf 82' lang='lat' dir='ltr'>testimoniorum</span> 
     </span>
     <span class='ocr_line' id='line_1_14' title="bbox 152 1519 772 1568; baseline 0 -12"><span class='ocrx_word' id='word_1_90' title='bbox 152 1520 217 1557; x_wconf 85' lang='lat' dir='ltr'>scriem</span> <span class='ocrx_word' id='word_1_91' title='bbox 225 1524 274 1556; x_wconf 86' lang='lat' dir='ltr'>certe</span> <span class='ocrx_word' id='word_1_92' title='bbox 282 1520 375 1568; x_wconf 82' lang='lat' dir='ltr'>aliquanto</span> <span class='ocrx_word' id='word_1_93' title='bbox 383 1519 520 1567; x_wconf 76' lang='lat' dir='ltr'>locupletiorem</span> <span class='ocrx_word' id='word_1_94' title='bbox 529 1519 618 1556; x_wconf 80' lang='lat' dir='ltr'>exhibere.</span> <span class='ocrx_word' id='word_1_95' title='bbox 638 1519 692 1557; x_wconf 72' lang='lat' dir='ltr'>Quod</span> <span class='ocrx_word' id='word_1_96' title='bbox 699 1519 772 1565; x_wconf 78' lang='lat' dir='ltr'>scilicet,</span> 
     </span>
     <span class='ocr_line' id='line_1_15' title="bbox 151 1578 773 1628; baseline -0.002 -11"><span class='ocrx_word' id='word_1_97' title='bbox 151 1579 166 1618; x_wconf 83' lang='lat' dir='ltr'>si</span> <span class='ocrx_word' id='word_1_98' title='bbox 178 1579 284 1617; x_wconf 83' lang='lat' dir='ltr'>hodiernam</span> <span class='ocrx_word' id='word_1_99' title='bbox 297 1578 367 1628; x_wconf 84' lang='lat' dir='ltr'>copiam</span> <span class='ocrx_word' id='word_1_100' title='bbox 378 1583 442 1617; x_wconf 82' lang='lat' dir='ltr'>nactus</span> <span class='ocrx_word' id='word_1_101' title='bbox 455 1583 508 1626; x_wconf 84' lang='lat' dir='ltr'>esset,</span> <span class='ocrx_word' id='word_1_102' title='bbox 515 1579 554 1627; x_wconf 87' lang='lat' dir='ltr'>ipse</span> <span class='ocrx_word' id='word_1_103' title='bbox 562 1579 616 1628; x_wconf 83' lang='lat' dir='ltr'>longe</span> <span class='ocrx_word' id='word_1_104' title='bbox 628 1579 693 1616; x_wconf 84' lang='lat' dir='ltr'>melius</span> <span class='ocrx_word' id='word_1_105' title='bbox 701 1579 773 1617; x_wconf 79' lang='lat' dir='ltr'>fecisset</span> 
     </span>
     <span class='ocr_line' id='line_1_16' title="bbox 150 1642 257 1679; baseline 0 0"><span class='ocrx_word' id='word_1_106' title='bbox 150 1642 257 1679; x_wconf 86' lang='lat' dir='ltr'>Pearsonus.</span> 
     </span>
    </p>

    <p class='ocr_par' dir='ltr' id='par_1_4' title="bbox 150 1700 774 2483">
     <span class='ocr_line' id='line_1_17' title="bbox 176 1700 772 1750; baseline 0.002 -11"><span class='ocrx_word' id='word_1_107' title='bbox 176 1703 224 1739; x_wconf 84' lang='lat' dir='ltr'>Sunt</span> <span class='ocrx_word' id='word_1_108' title='bbox 235 1705 303 1748; x_wconf 82' lang='lat' dir='ltr'>tamen,</span> <span class='ocrx_word' id='word_1_109' title='bbox 317 1704 335 1738; x_wconf 90' lang='lat' dir='ltr'>et</span> <span class='ocrx_word' id='word_1_110' title='bbox 347 1701 428 1746; x_wconf 78' lang='lat' dir='ltr'>fuerunt,</span> <span class='ocrx_word' id='word_1_111' title='bbox 437 1700 478 1738; x_wconf 88' lang='lat' dir='ltr'>Viri</span> <span class='ocrx_word' id='word_1_112' title='bbox 490 1700 550 1747; x_wconf 81' lang='lat' dir='ltr'>Docti,</span> <span class='ocrx_word' id='word_1_113' title='bbox 560 1700 591 1750; x_wconf 88' lang='lat' dir='ltr'>qui</span> <span class='ocrx_word' id='word_1_114' title='bbox 603 1704 661 1739; x_wconf 87' lang='lat' dir='ltr'>totam</span> <span class='ocrx_word' id='word_1_115' title='bbox 673 1702 711 1739; x_wconf 81' lang='lat' dir='ltr'>fere</span> <span class='ocrx_word' id='word_1_116' title='bbox 724 1703 772 1740; x_wconf 84' lang='lat' dir='ltr'>hanc</span> 
     </span>
     <span class='ocr_line' id='line_1_18' title="bbox 150 1762 773 1813; baseline 0.003 -15"><span class='ocrx_word' id='word_1_117' title='bbox 150 1767 221 1813; x_wconf 86' lang='lat' dir='ltr'>partem</span> <span class='ocrx_word' id='word_1_118' title='bbox 241 1762 307 1799; x_wconf 84' lang='lat' dir='ltr'>laboris</span> <span class='ocrx_word' id='word_1_119' title='bbox 324 1762 442 1798; x_wconf 84' lang='lat' dir='ltr'>Pearsoniani</span> <span class='ocrx_word' id='word_1_120' title='bbox 461 1774 590 1810; x_wconf 84' lang='lat' dir='ltr'>supervacuam</span> <span class='ocrx_word' id='word_1_121' title='bbox 610 1762 736 1811; x_wconf 78' lang='lat' dir='ltr'>pronunciant,</span> <span class='ocrx_word' id='word_1_122' title='bbox 754 1768 773 1800; x_wconf 91' lang='lat' dir='ltr'>et</span> 
     </span>
     <span class='ocr_line' id='line_1_19' title="bbox 151 1821 773 1872; baseline -0.003 -10"><span class='ocrx_word' id='word_1_123' title='bbox 151 1824 246 1872; x_wconf 68' lang='lat' dir='ltr'>Ignarum</span> <span class='ocrx_word' id='word_1_124' title='bbox 253 1823 309 1862; x_wconf 80' lang='lat' dir='ltr'>etium</span> <span class='ocrx_word' id='word_1_125' title='bbox 316 1821 351 1860; x_wconf 87' lang='lat' dir='ltr'>hac</span> <span class='ocrx_word' id='word_1_126' title='bbox 359 1821 508 1860; x_wconf 85' lang='lat' dir='ltr'>testimoniorum</span> <span class='ocrx_word' id='word_1_127' title='bbox 517 1822 569 1871; x_wconf 84' lang='lat' dir='ltr'>copia</span> <span class='ocrx_word' id='word_1_128' title='bbox 576 1821 683 1871; x_wconf 87' lang='lat' dir='ltr'>inopiorem.</span> <span class='ocrx_word' id='word_1_129' title='bbox 709 1823 773 1861; x_wconf 74' lang='lat' dir='ltr'>Qualis</span> 
     </span>
     <span class='ocr_line' id='line_1_20' title="bbox 152 1882 772 1934; baseline -0.002 -12"><span class='ocrx_word' id='word_1_130' title='bbox 152 1889 179 1922; x_wconf 89' lang='lat' dir='ltr'>est</span> <span class='ocrx_word' id='word_1_131' title='bbox 192 1884 299 1934; x_wconf 75' lang='lat' dir='ltr'>Basnagius,</span> <span class='ocrx_word' id='word_1_132' title='bbox 313 1883 378 1932; x_wconf 83' lang='lat' dir='ltr'>quiin</span> <span class='ocrx_word' id='word_1_133' title='bbox 389 1883 492 1919; x_wconf 82' lang='lat' dir='ltr'>Annalibus</span> <span class='ocrx_word' id='word_1_134' title='bbox 506 1883 543 1919; x_wconf 87' lang='lat' dir='ltr'>suis</span> <span class='ocrx_word' id='word_1_135' title='bbox 556 1882 772 1921; x_wconf 81' lang='lat' dir='ltr'>Politice-Ecclesiastieis</span> 
     </span>
     <span class='ocr_line' id='line_1_21' title="bbox 151 1944 773 1994; baseline 0 -10"><span class='ocrx_word' id='word_1_136' title='bbox 151 1948 199 1985; x_wconf 85' lang='lat' dir='ltr'>hauc</span> <span class='ocrx_word' id='word_1_137' title='bbox 208 1947 265 1984; x_wconf 90' lang='lat' dir='ltr'>edidit</span> <span class='ocrx_word' id='word_1_138' title='bbox 271 1945 392 1983; x_wconf 82' lang='lat' dir='ltr'>sententiam:</span> <span class='ocrx_word' id='word_1_139' title='bbox 406 1947 417 1964; x_wconf 87' lang='lat'><em>“</em></span> <span class='ocrx_word' id='word_1_140' title='bbox 424 1944 444 1980; x_wconf 77' lang='lat' dir='ltr'>Si</span> <span class='ocrx_word' id='word_1_141' title='bbox 452 1956 515 1981; x_wconf 81' lang='lat' dir='ltr'>verum</span> <span class='ocrx_word' id='word_1_142' title='bbox 523 1944 611 1992; x_wconf 83' lang='lat' dir='ltr'>volumus,</span> <span class='ocrx_word' id='word_1_143' title='bbox 619 1945 683 1994; x_wconf 83' lang='lat' dir='ltr'>ingens</span> <span class='ocrx_word' id='word_1_144' title='bbox 692 1947 773 1985; x_wconf 87' lang='lat' dir='ltr'>testimo-</span> 
     </span>
     <span class='ocr_line' id='line_1_22' title="bbox 152 2005 773 2046; baseline 0.003 -3"><span class='ocrx_word' id='word_1_145' title='bbox 152 2007 225 2044; x_wconf 88' lang='lat' dir='ltr'>niorum</span> <span class='ocrx_word' id='word_1_146' title='bbox 237 2011 295 2043; x_wconf 84' lang='lat' dir='ltr'>strues</span> <span class='ocrx_word' id='word_1_147' title='bbox 308 2006 332 2042; x_wconf 82' lang='lat' dir='ltr'>ad</span> <span class='ocrx_word' id='word_1_148' title='bbox 345 2005 464 2042; x_wconf 86' lang='lat' dir='ltr'>eruditionem</span> <span class='ocrx_word' id='word_1_149' title='bbox 478 2005 561 2042; x_wconf 80' lang='lat' dir='ltr'>Vindicis</span> <span class='ocrx_word' id='word_1_150' title='bbox 575 2006 701 2044; x_wconf 85' lang='lat' dir='ltr'>declarandam</span> <span class='ocrx_word' id='word_1_151' title='bbox 714 2008 773 2046; x_wconf 87' lang='lat' dir='ltr'>faeere</span> 
     </span>
     <span class='ocr_line' id='line_1_23' title="bbox 152 2065 772 2118; baseline 0.005 -15"><span class='ocrx_word' id='word_1_152' title='bbox 152 2070 218 2118; x_wconf 83' lang='lat' dir='ltr'>potest,</span> <span class='ocrx_word' id='word_1_153' title='bbox 226 2067 249 2103; x_wconf 87' lang='lat' dir='ltr'>ad</span> <span class='ocrx_word' id='word_1_154' title='bbox 257 2065 371 2115; x_wconf 87' lang='lat' dir='ltr'>probandum</span> <span class='ocrx_word' id='word_1_155' title='bbox 379 2077 417 2101; x_wconf 85' lang='lat' dir='ltr'>non</span> <span class='ocrx_word' id='word_1_156' title='bbox 424 2067 493 2112; x_wconf 69' lang='lat' dir='ltr'>potestj</span> <span class='ocrx_word' id='word_1_157' title='bbox 507 2077 549 2102; x_wconf 94' lang='lat' dir='ltr'>cum</span> <span class='ocrx_word' id='word_1_158' title='bbox 555 2066 659 2105; x_wconf 85' lang='lat' dir='ltr'>testimonia</span> <span class='ocrx_word' id='word_1_159' title='bbox 665 2068 772 2116; x_wconf 87' lang='lat' dir='ltr'>Auctorurn,</span> 
     </span>
     <span class='ocr_line' id='line_1_24' title="bbox 153 2125 773 2176; baseline 0.002 -11"><span class='ocrx_word' id='word_1_160' title='bbox 153 2128 184 2175; x_wconf 86' lang='lat' dir='ltr'>qui</span> <span class='ocrx_word' id='word_1_161' title='bbox 196 2131 238 2176; x_wconf 88' lang='lat' dir='ltr'>post</span> <span class='ocrx_word' id='word_1_162' title='bbox 250 2126 325 2163; x_wconf 89' lang='lat' dir='ltr'>tertium</span> <span class='ocrx_word' id='word_1_163' title='bbox 335 2126 412 2163; x_wconf 87' lang='lat' dir='ltr'>floruere</span> <span class='ocrx_word' id='word_1_164' title='bbox 423 2125 514 2171; x_wconf 76' lang='lat' dir='ltr'>saeculrun,</span> <span class='ocrx_word' id='word_1_165' title='bbox 523 2127 612 2173; x_wconf 84' lang='lat' dir='ltr'>prioribus</span> <span class='ocrx_word' id='word_1_166' title='bbox 621 2129 730 2174; x_wconf 74' lang='lat' dir='ltr'>imitantur,</span> <span class='ocrx_word' id='word_1_167' title='bbox 739 2143 773 2167; x_wconf 88' lang='lat' dir='ltr'>nec</span> 
     </span>
     <span class='ocr_line' id='line_1_25' title="bbox 152 2184 772 2237; baseline 0 -13"><span class='ocrx_word' id='word_1_168' title='bbox 152 2188 193 2237; x_wconf 81' lang='lat' dir='ltr'>plus</span> <span class='ocrx_word' id='word_1_169' title='bbox 207 2187 231 2223; x_wconf 88' lang='lat' dir='ltr'>sit</span> <span class='ocrx_word' id='word_1_170' title='bbox 243 2187 263 2223; x_wconf 85' lang='lat' dir='ltr'>in</span> <span class='ocrx_word' id='word_1_171' title='bbox 276 2198 297 2223; x_wconf 88' lang='lat' dir='ltr'>eo</span> <span class='ocrx_word' id='word_1_172' title='bbox 310 2184 396 2232; x_wconf 84' lang='lat' dir='ltr'>suffragio</span> <span class='ocrx_word' id='word_1_173' title='bbox 408 2184 479 2229; x_wconf 82' lang='lat' dir='ltr'>virium,</span> <span class='ocrx_word' id='word_1_174' title='bbox 491 2198 545 2232; x_wconf 87' lang='lat' dir='ltr'>quam</span> <span class='ocrx_word' id='word_1_175' title='bbox 558 2186 579 2222; x_wconf 89' lang='lat' dir='ltr'>in</span> <span class='ocrx_word' id='word_1_176' title='bbox 591 2187 772 2236; x_wconf 74' lang='lat' dir='ltr'>Polycarpi‚1renaei,</span> 
     </span>
     <span class='ocr_line' id='line_1_26' title="bbox 152 2245 773 2298; baseline 0 -12"><span class='ocrx_word' id='word_1_177' title='bbox 152 2248 243 2298; x_wconf 61' lang='lat' dir='ltr'>Origene,</span> <span class='ocrx_word' id='word_1_178' title='bbox 252 2246 334 2285; x_wconf 85' lang='lat' dir='ltr'>Eusebii.</span> <span class='ocrx_word' id='word_1_179' title='bbox 359 2245 452 2283; x_wconf 85' lang='lat' dir='ltr'>Potuisset</span> <span class='ocrx_word' id='word_1_180' title='bbox 460 2257 503 2294; x_wconf 79' lang='lat' dir='ltr'>ergo</span> <span class='ocrx_word' id='word_1_181' title='bbox 513 2246 638 2284; x_wconf 83' lang='lat' dir='ltr'>celeberrunus</span> <span class='ocrx_word' id='word_1_182' title='bbox 646 2248 773 2287; x_wconf 83' lang='lat' dir='ltr'>Vindiciurum</span> 
     </span>
     <span class='ocr_line' id='line_1_27' title="bbox 151 2306 773 2350; baseline -0.002 -1"><span class='ocrx_word' id='word_1_183' title='bbox 151 2311 222 2350; x_wconf 80' lang='lat' dir='ltr'>Auctor</span> <span class='ocrx_word' id='word_1_184' title='bbox 236 2312 255 2347; x_wconf 88' lang='lat' dir='ltr'>et</span> <span class='ocrx_word' id='word_1_185' title='bbox 269 2308 304 2346; x_wconf 84' lang='lat' dir='ltr'>sibi</span> <span class='ocrx_word' id='word_1_186' title='bbox 317 2311 336 2345; x_wconf 89' lang='lat' dir='ltr'>et</span> <span class='ocrx_word' id='word_1_187' title='bbox 349 2307 447 2345; x_wconf 87' lang='lat' dir='ltr'>lectoribus</span> <span class='ocrx_word' id='word_1_188' title='bbox 461 2306 509 2344; x_wconf 84' lang='lat' dir='ltr'>tanti</span> <span class='ocrx_word' id='word_1_189' title='bbox 520 2306 587 2345; x_wconf 85' lang='lat' dir='ltr'>laboris</span> <span class='ocrx_word' id='word_1_190' title='bbox 600 2309 718 2347; x_wconf 67' lang='lat' dir='ltr'>exhauriendi</span> <span class='ocrx_word' id='word_1_191' title='bbox 731 2311 773 2349; x_wconf 89' lang='lat' dir='ltr'>dare</span> 
     </span>
     <span class='ocr_line' id='line_1_28' title="bbox 150 2367 774 2418; baseline 0 -8"><span class='ocrx_word' id='word_1_192' title='bbox 150 2369 317 2411; x_wconf 74' lang='lat' dir='ltr'>immirnitatcm⁰.&#39;’</span> <span class='ocrx_word' id='word_1_193' title='bbox 350 2368 404 2407; x_wconf 89' lang='lat' dir='ltr'>Hauc</span> <span class='ocrx_word' id='word_1_194' title='bbox 421 2367 531 2406; x_wconf 83' lang='lat' dir='ltr'>sententiam</span> <span class='ocrx_word' id='word_1_195' title='bbox 548 2367 582 2407; x_wconf 85' lang='lat' dir='ltr'>sibi</span> <span class='ocrx_word' id='word_1_196' title='bbox 600 2369 700 2418; x_wconf 86' lang='lat' dir='ltr'>“justam&#39;&#39;</span> <span class='ocrx_word' id='word_1_197' title='bbox 717 2370 774 2410; x_wconf 83' lang='lat' dir='ltr'>rideri</span> 
     </span>
     <span class='ocr_line' id='line_1_29' title="bbox 151 2429 773 2483; baseline 0 -13"><span class='ocrx_word' id='word_1_198' title='bbox 151 2435 247 2483; x_wconf 86' lang='lat' dir='ltr'>profitetur</span> <span class='ocrx_word' id='word_1_199' title='bbox 256 2432 371 2470; x_wconf 84' lang='lat' dir='ltr'>doctissimus</span> <span class='ocrx_word' id='word_1_200' title='bbox 377 2429 499 2468; x_wconf 69' lang='lat' dir='ltr'>Ouietonush.</span> <span class='ocrx_word' id='word_1_201' title='bbox 517 2431 581 2467; x_wconf 85' lang='lat' dir='ltr'>Paullo</span> <span class='ocrx_word' id='word_1_202' title='bbox 589 2430 661 2478; x_wconf 80' lang='lat' dir='ltr'>longius</span> <span class='ocrx_word' id='word_1_203' title='bbox 669 2443 773 2480; x_wconf 79' lang='lat' dir='ltr'>progressus</span> 
     </span>
    </p>

    <p class='ocr_par' dir='ltr' id='par_1_5' title="bbox 130 2489 773 2602">
     <span class='ocr_line' id='line_1_30' title="bbox 130 2489 773 2540; baseline 0 -10"><span class='ocrx_word' id='word_1_204' title='bbox 130 2533 132 2537; x_wconf 62' lang='grc'>,</span> <span class='ocrx_word' id='word_1_205' title='bbox 152 2497 180 2531; x_wconf 88' lang='lat' dir='ltr'>est</span> <span class='ocrx_word' id='word_1_206' title='bbox 189 2493 223 2529; x_wconf 85' lang='lat' dir='ltr'>Vir</span> <span class='ocrx_word' id='word_1_207' title='bbox 231 2493 314 2529; x_wconf 88' lang='lat' dir='ltr'>literatus</span> <span class='ocrx_word' id='word_1_208' title='bbox 323 2491 383 2529; x_wconf 85' lang='lat' dir='ltr'>neseio</span> <span class='ocrx_word' id='word_1_209' title='bbox 393 2490 433 2540; x_wconf 82' lang='lat' dir='ltr'>quis</span> <span class='ocrx_word' id='word_1_210' title='bbox 444 2490 464 2526; x_wconf 87' lang='lat' dir='ltr'>in</span> <span class='ocrx_word' id='word_1_211' title='bbox 474 2489 556 2539; x_wconf 72' lang='lat' dir='ltr'>margine</span> <span class='ocrx_word' id='word_1_212' title='bbox 567 2489 672 2539; x_wconf 83' lang='lat' dir='ltr'>exemplaris</span> <span class='ocrx_word' id='word_1_213' title='bbox 681 2491 773 2530; x_wconf 82' lang='lat' dir='ltr'>Vindicia-</span> 
     </span>
     <span class='ocr_line' id='line_1_31' title="bbox 151 2551 772 2602; baseline 0.002 -10"><span class='ocrx_word' id='word_1_214' title='bbox 151 2567 199 2601; x_wconf 83' lang='lat' dir='ltr'>rum,</span> <span class='ocrx_word' id='word_1_215' title='bbox 209 2554 257 2602; x_wconf 89' lang='lat' dir='ltr'>quod</span> <span class='ocrx_word' id='word_1_216' title='bbox 268 2554 312 2591; x_wconf 88' lang='lat' dir='ltr'>olim</span> <span class='ocrx_word' id='word_1_217' title='bbox 319 2553 355 2591; x_wconf 80' lang='lat' dir='ltr'>fuit</span> <span class='ocrx_word' id='word_1_218' title='bbox 365 2553 440 2591; x_wconf 73' lang='grc' dir='ltr'>Γ1111111111</span> <span class='ocrx_word' id='word_1_219' title='bbox 452 2551 538 2598; x_wconf 69' lang='lat' dir='ltr'>carlom,</span> <span class='ocrx_word' id='word_1_220' title='bbox 547 2551 608 2601; x_wconf 81' lang='lat' dir='ltr'>Episc.</span> <span class='ocrx_word' id='word_1_221' title='bbox 617 2551 750 2592; x_wconf 76' lang='lat' dir='ltr'>lincolniensis</span> <span class='ocrx_word' id='word_1_222' title='bbox 756 2561 772 2594; x_wconf 75' lang='lat'>⁰:</span> 
     </span>
    </p>
   </div>
   <div class='ocr_carea' id='block_1_4' title="bbox 159 2641 691 2720">
    <p class='ocr_par' dir='ltr' id='par_1_6' title="bbox 159 2641 691 2720">
     <span class='ocr_line' id='line_1_32' title="bbox 159 2641 691 2681; baseline -0.006 -6"><span class='ocrx_word' id='word_1_223' title='bbox 159 2651 175 2681; x_wconf 67' lang='lat'>,³</span> <span class='ocrx_word' id='word_1_224' title='bbox 185 2645 217 2675; x_wconf 84' lang='lat' dir='ltr'>Vol</span> <span class='ocrx_word' id='word_1_225' title='bbox 224 2644 239 2673; x_wconf 87' lang='lat' dir='ltr'>ii.</span> <span class='ocrx_word' id='word_1_226' title='bbox 247 2654 260 2681; x_wconf 88' lang='lat' dir='ltr'>p.</span> <span class='ocrx_word' id='word_1_227' title='bbox 267 2645 289 2673; x_wconf 78' lang='lat' dir='ltr'>au</span> <span class='ocrx_word' id='word_1_228' title='bbox 494 2648 499 2661; x_wconf 70' lang='lat'>⁰</span> <span class='ocrx_word' id='word_1_229' title='bbox 509 2642 527 2672; x_wconf 86' lang='grc'>111</span> <span class='ocrx_word' id='word_1_230' title='bbox 534 2641 571 2672; x_wconf 87' lang='lat' dir='ltr'>Bihl.</span> <span class='ocrx_word' id='word_1_231' title='bbox 579 2641 619 2672; x_wconf 85' lang='lat' dir='ltr'>Bodl.</span> <span class='ocrx_word' id='word_1_232' title='bbox 627 2642 643 2672; x_wconf 91' lang='lat' dir='ltr'>B.</span> <span class='ocrx_word' id='word_1_233' title='bbox 650 2645 662 2672; x_wconf 86' lang='grc'>9.</span> <span class='ocrx_word' id='word_1_234' title='bbox 670 2644 691 2674; x_wconf 78' lang='grc'>17.</span> 
     </span>
     <span class='ocr_line' id='line_1_33' title="bbox 169 2683 339 2720; baseline 0 -9"><span class='ocrx_word' id='word_1_235' title='bbox 169 2683 176 2702; x_wconf 77' lang='lat'>¹⁷</span> <span class='ocrx_word' id='word_1_236' title='bbox 186 2684 226 2720; x_wconf 77' lang='lat' dir='ltr'>Oorp.</span> <span class='ocrx_word' id='word_1_237' title='bbox 234 2683 280 2719; x_wconf 73' lang='lat' dir='ltr'>ignat</span> <span class='ocrx_word' id='word_1_238' title='bbox 287 2693 300 2720; x_wconf 88' lang='lat' dir='ltr'>p.</span> <span class='ocrx_word' id='word_1_239' title='bbox 305 2683 339 2711; x_wconf 82' lang='lat' dir='ltr'>lxvi.</span> 
     </span>
    </p>
   </div>
   <div class='ocr_carea' id='block_1_5' title="bbox 0 0 879 2957">
    <p class='ocr_par' dir='ltr' id='par_1_7' title="bbox 0 0 879 2957">
     <span class='ocr_line' id='line_1_34' title="bbox 0 0 879 2957; baseline 0 0"><span class='ocrx_word' id='word_1_240' title='bbox 0 0 879 2957; x_wconf 95' lang='lat' dir='ltr'> </span> 
     </span>
    </p>
   </div>
  </div>
 </body>
</html>
