1747 2957
192 214 229 248 324
382 223 508 252 rncurmrrnu
521 223 628 252 rnclrrrnn

193 314 221 352 nit
236 314 309 364 quidem
324 316 447 365 Epistolarnm
461 317 560 356 Clementis
569 316 653 362 Romani,
668 314 700 352 sed
709 313 767 352 obiter
775 317 816 351 tanss

193 381 239 423 tum,
254 390 293 414 non
307 381 328 415 ut
342 378 399 416 ullam
413 392 435 416 en
447 379 469 416 iis
483 379 593 416 sententiam
607 377 630 414 ad
640 376 725 414 Hacresin
737 376 820 423 aliquam>

193 438 310 475 refellendam
324 439 459 485 transcriberet,
473 439 504 476 sed
517 442 538 475 ut
551 437 672 475 adulteratum
688 436 710 473 ab
720 435 816 473 Haeretieis

193 498 250 536 fuisse
264 498 332 537 librum
346 500 399 537 illurn
416 501 524 545 ostenderet,
536 500 567 548 qni
582 499 615 536 sub
630 498 729 536 Clementis
742 497 817 534 nominc

195 560 284 598 Periodus
293 560 343 598 Petri
352 561 454 600 vocabatur.
479 560 542 600 Verba
550 560 605 599 etiam
614 559 696 610 quadam
704 572 726 597 er
734 558 817 608 Epistola

195 621 219 658 ad
233 621 337 659 Corinthios
353 621 397 659 citat
411 635 449 660 non
463 627 527 660 contra
540 619 646 668 HaereticoS,
664 621 695 658 sed
708 623 781 657 tantum
796 622 817 656 ut

194 681 259 730 probet
274 681 387 718 Clementem
401 682 531 731 Episcopatum
542 683 600 731 primo
613 681 722 731 repudiasse.
749 681 818 718 Contra

194 753 256 778 onmes
273 740 373 778 Haeretieos
391 742 420 778 sni
436 743 523 790 temporis
540 743 635 791 scripserat
651 743 757 779 Justinns⁵t
775 753 817 778 enm

193 807 257 840 tamen
265 802 321 839 semel
328 805 402 839 tantum
409 802 493 839 nominat
498 803 617 852 Epiphanius,
624 817 658 840 nee
666 804 686 840 in
692 804 747 840 alium
755 805 816 849 finem,

194 875 249 912 quam
257 866 279 900 ut
288 863 385 900 rarianm
394 864 507 901 Haereticam
518 863 545 900 illi
556 865 679 913 synchronum
692 864 747 901 fuisse
757 868 817 901 osten-

194 924 231 962 dat.
257 925 349 962 Irenaeum
366 924 461 974 aliquoties
477 926 527 972 citat,
544 929 566 962 nt
580 925 638 963 labori
654 938 686 962 sno
703 929 789 973 parceret,
799 929 818 962 et

195 986 328 1022 Haeretieornm
341 985 435 1021 historiam
451 998 473 1021 es
486 986 517 1022 illo
531 986 669 1023 transcriberet:
687 989 706 1022 at
719 986 818 1022 sententias

195 1045 264 1094 aliquas
276 1058 298 1083 ex
310 1045 373 1084 eodcrn
382 1046 405 1084 ad
415 1046 549 1084 Haereticorum
558 1046 643 1095 dogmata
651 1045 763 1083 cantitanda
770 1059 818 1082 uun-

194 1119 249 1156 quam
257 1106 343 1144 ,adducit
357 1107 415 1154 ¹(Iuro,
426 1111 448 1145 ut
461 1107 499 1156 ipse
513 1107 601 1154 observat,
610 1108 691 1145 irenaeus
704 1107 763 1156 primo
771 1107 818 1144 libro

195 1169 296 1207 Haereticos
308 1172 396 1215 recenset,
406 1169 479 1219 reliquis
494 1169 567 1215 refutat,
576 1167 679 1220 'Aapdrara
691 1167 710 1206 δὲ
723 1166 787 1209 adrosis
800 1169 820 1206 ἐν

195 1232 220 1279 τῷ
228 1230 269 1277 ἑξῆς
278 1229 353 1280 δευτέρῳ
361 1229 416 1267 αὑτοῦ
429 1229 479 1280 λόγῳ
487 1229 518 1268 real
531 1233 567 1268 rote
580 1229 645 1269 ἄλλοις
658 1229 743 1278 bratheas&
755 1244 819 1280 περιτ-

195 1289 331 1342 comparisque
343 1291 467 1340 negligentius
482 1305 493 1329 a
506 1292 580 1330 Petario
591 1304 643 1329 versa
657 1293 682 1328 sic
696 1293 770 1339 refinge,
780 1292 819 1327 Eas

196 1354 255 1389 catera
263 1353 282 1389 a
286 1346 370 1400 piratas
379 1347 492 1389 conserando
502 1352 546 1389 lthro
552 1352 688 1399 accrrratisrr'me,
698 1353 819 1401 ercamrao

196 1425 219 1450 ea
231 1413 381 1460 superabundanti
397 1412 487 1460 refirtaoa't.
513 1415 529 1451 E
546 1413 604 1462 primo
619 1417 682 1450 tamen
693 1413 740 1466 libro
754 1417 819 1461 utpote

195 1473 281 1510 historico
292 1477 365 1510 tantunr
378 1477 462 1522 excerpta
469 1474 546 1523 protrdit
557 1474 674 1523 Epiphanius,
687 1474 710 1510 ad
718 1473 818 1510 secundum

196 1533 252 1570 semel
263 1534 348 1581 respexit,
362 1533 441 1581 reliquos
453 1545 548 1581 nunqnam
560 1532 631 1581 attigit;
644 1545 668 1569 ne
676 1545 733 1569 unum
745 1533 818 1582 quidem

195 1606 217 1630 ex
225 1593 247 1630 iis
255 1593 381 1631 testimonium
391 1592 475 1630 adversus
485 1594 586 1631 Haereticos
598 1593 678 1630 adduxit.
704 1593 818 1631 Clementem

195 1654 340 1693 Alexandrinum
353 1658 372 1692 et
385 1655 485 1693 Eusebium
497 1655 586 1703 nominat,
596 1656 628 1693 sed
639 1655 766 1694 tantummodo
777 1660 818 1694 tan-

196 1730 250 1767 quam
259 1718 295 1756 fide
304 1718 369 1767 dignos
380 1721 436 1755 testes
449 1717 530 1755 historiae
544 1731 584 1766 qnae
593 1718 615 1755 de
625 1718 643 1755 S.
651 1718 719 1755 Jacobs
728 1722 818 1764 narratur.

196 1778 265 1815 Quidni
274 1782 335 1814 autem
345 1778 391 1814 etin
400 1779 502 1825 Iguatianis
511 1781 562 1825 teque
570 1778 588 1813 ei
596 1776 703 1823 ἀξιόπιστος
713 1781 752 1813 erat
760 1778 819 1814 Ense-

195 1838 250 1876 bius?
272 1838 385 1876 Clementem
393 1838 443 1875 hunc
452 1837 507 1875 etiam
516 1838 600 1875 adversus
610 1837 713 1875 Gentilium
721 1838 775 1883 Deos,
784 1851 819 1876 nec

196 1899 249 1936 aliter
258 1899 307 1936 citat.
333 1899 425 1936 Prolinam
437 1912 491 1948 porro
504 1899 620 1937 stremonii
629 1899 775 1947 ,disputationem
787 1900 818 1936 ad-

196 1960 247 1998 ducit
255 1960 340 1998 adversus
349 1960 449 2008 Origenem
457 1960 479 1997 de
489 1959 634 2004 Resurrectione,
644 1964 675 1996 aut
686 1963 708 1996 nt
717 1960 775 1997 labori
786 1973 819 1997 sno

195 2025 282 2069 parceret,
297 2025 329 2058 ant
340 2026 362 2058 ut
375 2014 463 2058 insidiam
477 2022 581 2058 declinaret.
608 2022 655 2058 “Eo
672 2021 720 2057 eninr
737 2025 819 2068 tempore

196 2074 281 2128 Origenis
289 2085 356 2118 nomen
365 2080 441 2118 florebat
449 2081 470 2118 in
476 2081 564 2126 mundo,”
573 2083 594 2118 ut
602 2080 683 2129 loquitur
688 2079 818 2131 Hieronymus.

197 2138 216 2177 S.
224 2138 321 2177 Athanasii
329 2139 402 2188 quidem
410 2137 501 2189 integram
509 2141 610 2190 Epistolam
622 2141 645 2179 ad
655 2141 760 2190 Epictetum
768 2145 818 2178 tran-

196 2200 278 2248 scripsit,
292 2200 323 2236 sed
334 2204 356 2236 ut
364 2200 502 2238 Dimoeritarnm
511 2202 596 2238 Haeresin
606 2201 717 2238 luculentius
729 2202 818 2239 describe-

195 2264 229 2306 ret,
237 2260 327 2308 simulque
334 2265 404 2297 careret
413 2273 436 2297 ne
444 2261 480 2297 illis
490 2261 574 2308 damnata
583 2261 668 2308 affingere
676 2261 714 2309 ipse
720 2259 818 2298 videretur.

196 2321 269 2359 Paulini
277 2321 333 2358 etiarn
342 2321 476 2359 Professionern
484 2322 536 2359 Fidei
549 2322 638 2371 adjnnsit,
647 2325 669 2358 nt
679 2334 741 2359 eornm
754 2322 819 2360 Histo-

194 2382 241 2420 riam
247 2382 423 2420 melinsillustraret.
438 2381 818 2432 EusebiumVercellensemseScytlropoli

195 2443 262 2482 sidisse
274 2443 321 2481 forte
336 2440 471 2482 commemorat,
498 2443 547 2483 Quid
557 2443 596 2492 ipse
609 2444 631 2481 de
640 2443 663 2480 iis
676 2443 762 2492 quiante
776 2457 818 2481 enm

195 2508 258 2543 contra
273 2504 357 2541 Haereses
370 2504 479 2553 scripserant
492 2505 573 2550 senserit,
583 2504 613 2541 cni
624 2505 667 2541 usui
680 2508 740 2542 essent
752 2504 786 2542 sibi
798 2505 818 2542 in

195 2565 255 2613 Opere
264 2578 296 2602 sno
305 2565 400 2603 condendo
412 2566 482 2602 dnobus
494 2566 609 2612 potissimum
621 2565 666 2601 locis
680 2566 764 2602 ostendit.
791 2567 818 2603 Ut

196 2624 268 2663 Haer'esi
282 2624 382 2670 Valentini,
397 2623 472 2674 ὁρῶντες
487 2622 515 2662 ὅτι
532 2624 588 2662 ἄλλοι
605 2623 726 2672 remordeant,
738 2624 786 2675 φημὶ
799 2625 818 2662 δὲ

163 2691 165 2693 ’
216 2704 220 2718 ⁵
230 2699 253 2728 lta
259 2700 319 2729 testatur
325 2698 422 2736 Hieronymus
428 2699 444 2729 iu
452 2699 523 2736 Catalogo.
544 2699 564 2729 Cf.
571 2699 655 2729 theodoret.
662 2699 702 2729 Haer.
709 2700 743 2729 Fab.
750 2701 760 2729 i.
767 2710 778 2729 e
784 2702 796 2730 2.
