1679 2935
240 228 334 256 noornuno
347 227 402 255 srlru
415 228 559 256 oonrnovnasrn.
687 223 710 257 55

90 320 252 357 “Commentarios
264 320 285 356 in
301 319 429 365 Psalteriumj'
443 319 463 357 in
476 320 549 368 Gyrillo,
558 317 680 368 κατηχήσεως,
692 320 712 355 in

90 378 164 424 Basilio,
174 377 278 426 ἀσκητικὸν,
288 381 309 417 in
323 381 412 428 Gregorio
423 380 547 425 Nazianzeno,
558 378 600 429 pepi
613 379 711 416 Φιλοπτω-

89 437 145 489 χεὶας,
154 437 174 478 iri
183 441 195 477 J
196 453 255 478 oanne
263 441 384 486 Antiocheno,
393 439 436 491 περὶ
449 439 550 491 ἱερωσύνης,
558 440 625 489 inipso
634 439 712 488 denique

90 498 209 550 Hieronymo,
218 504 229 521 “
233 501 366 538 Hebraicorum
374 502 470 538 nominum
478 501 545 538 librum
554 513 617 546 unum,
626 500 712 537 adversus

90 560 102 597 J
103 561 208 598 ovinianum
216 561 273 598 libros
282 561 346 608 duos,'’
354 566 372 598 et
380 562 420 599 “ad
428 562 565 599 Pammachium
573 561 712 610 Apologcticum

90 626 108 659 et
123 623 255 673 Epitaphiunr’
270 625 342 673 penitus
359 624 425 670 omisit,
442 636 482 672 quae
495 623 556 661 omnia
569 623 589 660 in
603 623 712 671 Hieronymi

90 684 178 732 Catalogo
186 684 246 722 adhuc
254 688 331 721 exstant.
352 685 375 722 ln
381 684 469 733 Dionysio
478 673 539 720 autem
545 683 674 728 Alexandrino,
684 687 712 720 tot

90 743 181 792 Epistolas
190 748 208 781 et
217 745 310 792 Opuscnla
318 745 387 781 intacta
397 744 490 793 praeteriit,
499 747 521 780 ut
530 743 569 780 sine
578 744 657 780 maximo
666 744 712 780 Lec-

90 805 134 841 toris
140 806 194 842 taedio
199 818 220 842 ea
226 818 332 842 enumcrare
338 818 376 842 non
384 806 456 854 possim.
471 805 541 843 Quidni
548 805 605 852 igitur
611 805 712 853 Hpistolam

90 865 165 914 Ignatii,
174 866 246 916 proprie
259 865 282 904 arl
293 865 414 916 Polycarpum
425 866 516 914 scriptam,
525 865 594 915 pariter
605 866 711 911 omitteret?

90 927 138 964 licre
152 932 180 964 est
193 928 265 973 ideirco,
274 927 311 964 imo
324 939 398 976 prorsus
410 926 506 964 evanidum
520 930 653 974 argumentum,
663 926 794 980 quodnefenttur

91 999 111 1023 ex
127 987 198 1024 silentio
211 988 381 1035 Augustodunensis
395 987 478 1031 Honorii,
491 990 530 1022 tam
546 987 590 1022 mali
601 986 710 1035 interpretis,
718 973 789 1002 tisserius,

89 1050 129 1083 tam
140 1048 193 1084 infidi
205 1048 340 1096 Hpitomatoris,
350 1047 422 1084 deducit
435 1046 567 1092 Armaclranus,
578 1051 600 1082 ut
612 1046 655 1083 inde
668 1059 711 1083 con-

90 1107 157 1152 cludat,
175 1108 212 1144 “in
229 1121 255 1152 ea,
270 1121 309 1155 quae
326 1107 436 1155 Hieronymi
453 1109 506 1143 aetate
523 1106 605 1142 omnium
619 1108 712 1143 terebatur

90 1168 175 1205 manibus
189 1167 328 1215 ignatianarum
341 1167 465 1215 Epistolarnm
481 1166 560 1215 Sylloge,
574 1166 645 1203 nullam
659 1167 713 1217 Poly-

91 1240 144 1276 enrpo
155 1228 241 1276 privatim
249 1228 361 1276 inscriptam
373 1227 464 1265 exstitisse
472 1227 598 1276 Epistolam22’
612 1229 714 1276 pracsertim

91 1300 133 1325 cum
146 1288 235 1325 Eusebius
248 1287 300 1331 ἰδίως,
310 1289 435 1337 Hieronymus
444 1288 524 1335 proprie,
536 1287 572 1325 boe
584 1292 617 1335 est,
627 1290 714 1337 priuatim

91 1346 190 1396 Polycnrpo
198 1349 305 1397 inscriptam
313 1350 369 1384 tuisse
377 1352 473 1384 testentur.
496 1350 550 1385 Certe
557 1349 597 1398 pari
605 1352 714 1397 argumento

91 1408 179 1446 deducere
191 1411 268 1457 poterat,
277 1411 331 1446 aetate
343 1408 418 1446 Eusebii
430 1408 501 1445 nnllam
508 1408 578 1456 Ignatii
590 1409 614 1445 ad
622 1409 687 1445 Pbilad
697 1409 713 1445 l-

90 1469 147 1517 pbeos
156 1470 247 1507 exstitisse
255 1470 361 1518 Epistulam,
371 1469 420 1518 quod
431 1459 472 1506 eam
480 1470 564 1506 lluffinus
575 1470 596 1506 in
604 1470 712 1519 interpreta-

91 1531 141 1568 tione
150 1544 182 1568 sua
191 1532 277 1568 omiserit.

116 1591 206 1628 Praeterea
223 1595 276 1629 aetate
293 1590 402 1640 Hieronymi
419 1590 489 1640 scripsit
506 1591 524 1628 S.
535 1591 681 1641 Obrysostomus,
696 1595 791 1642 etfrenimo-

92 1652 230 1699 Ignatianarum
243 1651 366 1700 Epistolarurn
380 1651 449 1699 sylloge
461 1663 505 1688 usus
518 1655 550 1696 est,
562 1664 602 1699 quae
613 1652 714 1700 Epistolam
722 1637 788 1710 {ffiffs

90 1712 176 1760 privatim
184 1712 283 1761 Polycarpo
291 1711 398 1758 inscriptam
407 1711 517 1747 continebat.
533 1712 583 1748 Nam
591 1712 611 1748 in
621 1712 713 1757 Oratione,
721 1713 762 1740 tami.

93 1772 158 1820 “quod
169 1785 217 1809 rmus
226 1772 298 1810 Veteris
311 1775 329 1807 et
341 1771 390 1808 Novi
403 1771 515 1808 Testamenti
526 1772 647 1820 Legislator,”
656 1773 691 1820 ipsi
703 1787 714 1810 a

91 1832 189 1870 Veteribus
198 1833 292 1878 attributa,
298 1831 409 1868 sententiam
417 1832 513 1880 quandam,
521 1833 554 1869 sub
563 1833 632 1880 ignatii
640 1834 714 1870 nomine

91 1904 113 1929 ex
124 1893 160 1929 bac
172 1893 212 1942 ipsa
223 1892 307 1942 llpistola
320 1892 414 1941 depromit,
430 1905 484 1942 quam
496 1893 544 1930 inter
556 1892 645 1931 Veterum
657 1894 715 1932 Testi-

91 1954 153 1990 monia
160 1957 224 2001 postea
233 1966 265 1990 suo
272 1954 313 1989 loco
320 1952 438 2000 proferemus.
463 1954 525 2001 Negat
535 1953 608 2000 quidem
616 1954 715 1990 Armaeha-

91 2026 131 2060 nus,
142 2012 248 2051 Orationem
260 2012 311 2050 illam
322 2024 361 2050 esse
373 2012 392 2050 S.
399 2013 535 2061 Chrysostomi:
548 2013 580 2051 scd
589 2014 669 2051 rationes
677 2015 716 2063 ejus

92 2078 175 2110 accurate
184 2073 333 2119 examinabimus,
343 2086 385 2109 cum
397 2073 502 2110 testimonia
512 2083 545 2123 pro
553 2075 627 2122 ignatio
638 2075 717 2112 adducta

92 2135 114 2172 ab
123 2135 255 2183 objectionibus
264 2134 330 2171 Dalleei
337 2133 487 2171 vindicabimusl.

116 2195 195 2232 Interim
203 2196 252 2232 hanc
260 2194 283 2232 ad
291 2195 413 2243 Polycarpum
425 2195 528 2242 llpistolam
536 2207 574 2232 esse
581 2195 630 2232 inter
638 2208 668 2233 eas
677 2209 717 2245 quae
724 2203 788 2240 Epistola

92 2256 170 2293 llusebio
180 2256 258 2304 cognitae
269 2259 312 2292 sunt
320 2254 453 2292 numerandam
463 2268 493 2291 res
501 2255 541 2304 ipsa
553 2257 624 2303 clamat,
634 2257 681 2305 quia,
690 2258 718 2294 uti
724 2242 790 2316 ἓξὲξ,

91 2316 166 2364 reliquae
178 2328 274 2364 germanae,
282 2316 318 2352 luit
331 2320 350 2352 et
361 2316 401 2364 ipsa
411 2312 548 2364 interpolatoris
560 2329 617 2353 manu
630 2318 718 2354 contami·
725 2319 785 2362 interpp

92 2369 146 2415 nator
160 2377 208 2426 quod
215 2377 237 2414 dc
246 2376 349 2425 suppositiis
357 2389 395 2414 non
404 2380 431 2413 est
440 2377 514 2414 omnino
523 2377 645 2415 sentiendum.
660 2378 717 2416 Aliud
724 2357 786 2430 iiiiii

34 2429 38 2438 Χ
92 2437 141 2475 enim
150 2442 178 2475 est
186 2437 287 2487 Epistolam
296 2438 374 2486 fingere:
388 2436 438 2474 aliud
447 2450 566 2487 corrumpere.
589 2439 685 2477 euasura
694 2440 716 2477 ab
723 2432 793 2469 genuina,

92 2498 195 2547 impostore
207 2500 264 2536 serius
276 2500 329 2545 fictae,
343 2498 411 2534 eodem·
421 2499 475 2535 modo
491 2499 567 2547 integrae
580 2504 715 2546 conserventur,

93 2571 128 2605 quo
136 2561 216 2608 primum
223 2564 266 2598 sunt
273 2559 411 2598 consarcinata:
425 2563 466 2607 quae
475 2573 485 2596 a
493 2574 535 2598 vero
545 2561 626 2598 Auctore
637 2564 716 2610 primum

287 2683 293 2702 ¹¹
303 2684 337 2715 Vid.
345 2683 383 2714 Part.
390 2682 401 2714 l.
408 2684 446 2724 cjx.
451 2693 495 2723 prope
502 2686 526 2716 fin,
