1679 2935
146 186 170 222 10
389 197 413 224 m]
426 194 525 224 sucronem.

147 285 250 337 νεωτερικὸς
267 286 386 335 usurpabant,
403 291 425 324 ut
441 285 536 330 Eusebius,
553 283 600 320 libro
617 282 639 318 de
656 280 770 341 Martpm'bus

146 346 250 383 Pelusium
259 359 297 395 cup.
303 346 360 383 aust
368 346 454 383 describit
460 344 579 383 fortissimum
588 342 692 392 Martyrem
700 339 771 390 Apphi-
810 373 812 375 ,

146 419 204 445 auum
219 409 302 446 nondum
318 408 384 456 viginti
403 420 460 445 anuos
477 409 547 452 uatum,
566 404 597 453 qui
614 403 679 452 Beryti
694 403 770 439 riserat.

147 466 255 518 Παράδοξον
263 467 294 506 καὶ
303 467 360 505 εἰπεῖν
368 467 391 508 ὦς
400 468 418 505 ἐν
427 466 500 516 τοιαύτη
508 465 562 504 πόλει
570 465 606 502 τῶν
614 464 723 514 νεωτερικώυ
731 463 770 500 ἐπι-

147 527 217 575 θυμιῶν
226 527 308 580 ὑπεράνω
320 527 458 577 reciprocaret
469 527 511 577 μηθ’
522 525 553 565 ὑπ’
567 524 624 574 ἀκμῆς
637 526 668 562 τοῦ
682 523 771 572 σώματος,

147 588 190 636 μήθ’
196 589 232 627 ὑπὸ
240 592 272 637 τῆς
280 592 316 628 τῶν
325 589 367 629 νέων
374 590 461 641 ἑταιρείας
469 586 574 640 διαφθαρεὶς
580 585 611 624 τὸν
619 583 691 637 τρόπον,
699 587 770 635 σωφρο-

148 648 204 695 σύνην
214 650 312 697 ἠσπάζετο.
337 651 443 689 Incredibile
452 652 501 687 dictu
509 654 535 687 cst
548 661 580 695 quo
589 651 644 695 puoto
655 647 674 683 iu
687 647 720 683 tuli
729 647 771 682 ciui-

148 712 185 746 tote
198 710 318 747 adolescentiae
333 711 459 758 cupiditatibus
472 711 557 758 reperior,
571 721 602 746 uec
614 709 673 756 uipore
687 706 771 755 corporis,

148 781 179 806 uec
185 771 270 816 jiooeouou
282 771 365 807 sodalitio
374 783 431 807 otiores
444 783 484 807 suos
496 770 584 817 coruuouipi
593 780 659 817 possus
669 767 772 804 modestiam

148 830 258 875 ανηνίεννιιιμο
272 834 303 866 est.
330 831 349 867 S.
361 830 502 878 Chrysostcmus
518 830 541 867 de
556 831 614 877 seipso
628 829 687 866 adhuc
700 829 772 877 juvene,

147 889 234 927 Oratione
243 890 265 927 tie
275 891 380 927 Sacerdote
388 890 457 938 prima:
477 888 566 927 Ἐπειδὰν
575 889 594 926 δὲ
601 888 636 926 Ιε’δει
645 888 675 925 τὸν
682 887 773 938 μακάριον

146 947 177 987 τὸν
187 951 222 987 τῶν
234 952 319 1001 μοναχῶν
331 949 448 998 μεταδιώκειν
461 948 509 996 βίον,
523 948 553 986 καὶ
566 948 599 996 τὴν
613 948 726 999 φιλοσοφίαν
740 947 773 995 τὴν

145 1009 211 1060 ἀληθῆ,
218 1011 249 1050 καὶ
258 1010 290 1050 οὐκ
298 1011 326 1051 ἔτι
334 1011 377 1060 ἡμῖν
386 1011 395 1049 ὁ
405 1011 456 1061 {uuis
463 1012 514 1053 οὗτος
523 1012 562 1052 ’ίσος
569 1011 597 1060 ἦν,
607 1010 649 1049 ἀλλ’
658 1011 669 1059 oi
678 1006 772 1060 piratici

145 1071 243 1121 obdurui}
257 1072 359 1124 ἐκουφίζετο
373 1072 465 1124 μετέωρος1
480 1073 515 1120 duci
529 1073 548 1110 δὲ
563 1072 590 1110 ’ἑτι
603 1075 643 1113 ταῖς
656 1074 687 1109 τοῦ
703 1071 772 1119 κόσμου

146 1132 267 1182 πεπεδημένος
284 1132 389 1183 ἐπιθυμίαις
403 1134 501 1172 καθεῖλκον
517 1132 550 1182 τὴν
563 1133 641 1182 ἐμαυτοῦ
655 1132 726 1184 stupris),
742 1128 773 1170 καὶ

147 1193 246 1242 ἐβιαζόμην
263 1193 312 1232 κάτω
328 1193 393 1242 με’νειν,
411 1197 523 1245 νεωτερικαῖς
540 1193 595 1241 αὐτὴν
610 1192 711 1244 ἐπιβρίθων
728 1195 772 1243 φαν-

96 1279 99 1282 -
147 1254 226 1294 ταινίαις.
254 1257 297 1292 Cluu
306 1260 364 1292 uectem
372 1259 460 1301 oporteret
469 1257 537 1291 deutoro
547 1255 662 1291 ucouusticuuo
670 1255 725 1290 uitouo
729 1266 773 1301 μιν·

124 1350 125 1353 ,
147 1316 201 1363 sepul,
210 1327 302 1364 νκνανιηιικ
308 1316 445 1365 ploiloscplriuru,
455 1327 486 1352 uteo
493 1317 533 1363 ρὀνι
541 1316 591 1352 uotis
596 1327 633 1362 μιν
644 1318 713 1352 stetero
722 1317 772 1360 esset,

147 1376 179 1412 sel
189 1377 238 1413 iltius
251 1378 294 1412 leuc
306 1380 366 1424 ιιίροίε
379 1377 433 1414 leuior
443 1377 522 1413 sublimis
531 1376 618 1424 serretur,
628 1388 658 1425 ερο
671 1388 712 1413 cero
724 1387 773 1412 ιυιιιι-

148 1437 200 1474 duuis
209 1437 335 1485 crpoiditctitus
344 1438 444 1485 impeditus,
450 1449 507 1474 olccuu
515 1438 582 1474 loucoui
591 1438 671 1474 deorsum
680 1437 773 1481 truluereou,

147 1500 165 1533 et
172 1496 247 1544 iuferius
255 1511 326 1535 ucouerc
339 1494 423 1546 soporem,
428 1489 537 1546 jroucuilihus
549 1510 587 1534 curu
599 1510 698 1546 αρρνανιιοο
707 1498 774 1545 cupitu-

147 1558 228 1595 tiouitus.
255 1558 292 1595 Hic
301 1559 350 1596 enim
361 1559 429 1607 pariter
441 1557 546 1609 νεωτερικὰς
559 1557 661 1609 φαντασίας
673 1558 773 1606 usmparit,

147 1631 168 1656 ac
180 1619 200 1656 in
213 1620 331 1667 Expositione
343 1620 379 1657 ioci
392 1620 414 1656 ad
424 1619 546 1665 Timotheum,
555 1617 658 1668 φαντασίας
668 1615 774 1668 νεωτερικὰς

147 1679 207 1728 φεῦηε.
232 1679 302 1717 Auctor
310 1680 469 1724 Coustituticuum
478 1680 631 1728 Apostolicorum,
641 1679 671 1716 lib.
679 1679 698 1716 ii.
708 1691 746 1727 cap.
756 1681 773 1716 1.

147 1752 169 1777 ex
182 1739 290 1785 Didescaiia,
299 1742 321 1778 ut
329 1740 407 1787 videtur,
417 1753 438 1778 ea
451 1752 491 1790 quae
504 1740 578 1789 ignatio
589 1740 710 1787 tribuebatur,
721 1740 773 1778 docet

147 1801 258 1851 Episcopum
270 1815 308 1840 nou
321 1803 387 1840 debere
401 1816 439 1840 esse
451 1803 542 1839 minorem
554 1805 601 1838 natu
614 1815 669 1850 quam
685 1815 774 1839 annorum

149 1862 287 1912 quinquaginta,
296 1862 325 1900 ὅτι
338 1862 400 1913 τρόπῳ
408 1862 444 1900 τινὶ
456 1861 488 1902 τοὶς
499 1861 604 1912 νεωτερικὰς
613 1860 689 1908 ἀταξίας
700 1861 730 1899 uui
742 1861 774 1902 τὰς

150 1922 215 1970 ἐ’ξωθεν
224 1922 314 1969 διαβολὰς
322 1922 437 1973 ἐκπεφευγὼς
445 1920 531 1973 ὑπάρχει.
553 1923 604 1964 Quod
611 1935 631 1960 eo
640 1926 682 1959 etus
691 1924 773 1970 ηαοιίιινι-

150 1984 202 2019 ruodo
206 1984 247 2029 jour
253 1983 341 2030 J'urcuiles
346 1983 462 2029 petulantius,
472 1985 489 2019 ct
498 1994 556 2019 corum
566 1983 595 2031 qui
599 1982 647 2031 foris
658 1986 699 2020 srlolt
707 1983 773 2021 obtrec-

152 2044 228 2079 totioces
240 2043 332 2090 ηίιιηειίί.ι
346 2043 438 2080 uisitcrte
451 2044 491 2092 quis
504 2044 569 2092 [tignus
582 2045 606 2081 sit
618 2045 734 2094 Episcopatu,
744 2045 775 2082 διὰ

151 2104 184 2151 τῆς
196 2102 278 2148 νεότητος
290 2102 309 2141 ἐν
321 2102 412 2154 πραότητι
425 2102 456 2140 καὶ
468 2102 542 2154 εὐταξίρ
557 2106 613 2154 γῆρας
625 2104 773 2153 ἐπιδεικνύμενος,

152 2163 172 2200 in
186 2164 283 2212 juveutute
299 2167 430 2200 mansuete'et
452 2164 550 2212 composite
566 2164 642 2202 vivendo
662 2169 775 2203 senectutem

152 2225 257 2261 osteudens
278 2225 369 2270 Pluribus,
377 2225 446 2273 opinor,
455 2225 513 2261 modis
523 2225 617 2273 explicatio
626 2226 674 2261 vocis
682 2225 774 2276 pomipous,

153 2298 193 2334 qaia
210 2286 265 2323 semel
280 2289 352 2323 tautum
367 2286 388 2323 in
404 2286 497 2333 Scriptura
510 2285 604 2333 reperitur,
620 2286 723 2322 confirmari
737 2299 774 2323 non

152 2349 221 2396 potest:
235 2359 282 2393 cum,
298 2346 314 2384 si
328 2359 367 2383 rem
383 2346 442 2395 ipsam
459 2359 499 2396 quae
511 2349 588 2391 vetatur,
605 2345 620 2383 si
634 2358 730 2395 personam
745 2349 775 2385 oui

153 2408 216 2445 datum
223 2412 251 2446 est
256 2412 373 2457 praeceptum,
380 2408 487 2454 consideres,
493 2408 509 2445 si
514 2408 631 2456 interpretes,
638 2407 653 2444 si
659 2408 774 2446 Commenta-

152 2473 207 2516 tores,
214 2469 230 2505 si
237 2470 331 2518 vulgatum
339 2469 422 2507 roiabuii
430 2469 479 2519 apud
484 2469 560 2507 Veteres
569 2480 622 2506 usum
630 2472 704 2518 spectes,
712 2481 774 2508 omnes

152 2531 173 2568 in
181 2530 216 2567 huc
223 2543 261 2567 una
269 2530 381 2579 expositione
393 2530 507 2568 consentiunt
520 2533 577 2579 atque
585 2529 694 2578 conspirent.
720 2531 775 2569 Quod

153 2593 169 2628 si
186 2604 207 2628 ea
220 2593 268 2628 vocis
281 2591 336 2639 hujus
349 2591 428 2639 acceptio
444 2590 491 2639 apud
506 2590 615 2638 Apostolum
629 2590 685 2638 recipi
700 2592 775 2629 omniuo

153 2652 224 2697 debeat,
242 2652 338 2699 piusquam
351 2651 447 2686 verisimile
464 2654 492 2686 est
510 2650 558 2698 apud
574 2650 669 2698 Ignatium
685 2654 774 2698 nostrum,

153 2726 206 2762 quem
215 2716 255 2750 tum
264 2713 283 2749 iu
292 2711 346 2750 rebus
355 2716 395 2749 tum
406 2711 426 2749 in
433 2711 493 2749 srerbis
500 2711 522 2748 S.
530 2711 607 2748 Paulum
616 2712 707 2761 praecipue
715 2712 776 2750 imita—
