1679 2935
211 202 235 229 aa
248 200 388 228 orthonoismus
400 199 508 228 nmaarrua.
634 194 671 230 207

51 296 155 339 [tesca-abeas,
172 293 265 340 cademque
287 293 336 340 opud
355 304 382 328 me
399 295 457 339 repeto
475 295 492 327 er
505 292 579 328 revolvo.
605 292 673 336 Tertio,

50 357 120 395 ratione
129 353 233 402 argumenti
247 353 295 400 quod
307 352 428 389 fortissimum
439 352 515 400 putavit.
541 351 617 388 Audirit
626 352 675 388 enim

51 422 95 454 tunc
103 412 219 453 narrantem¹
234 412 359 461 Polycarpum,
370 409 410 460 quae
417 411 446 448 illi
454 411 513 448 fuerat
520 424 562 448 oum
577 411 595 447 S.
602 411 614 447 J
615 423 675 447 carme

52 481 70 513 ct
81 476 155 523 reliquis
168 474 199 521 qui
211 473 313 509 Dominum
325 473 414 516 viderant,
427 472 545 515 consuetudo,
557 484 639 518 quaenam
652 471 675 506 ab

53 537 89 573 illis
101 536 124 573 de
137 534 209 573 Christo
217 533 276 569 relata
283 534 393 580 perceperat,
403 535 421 568 et
433 543 487 580 quam
495 532 528 568 illa
536 531 597 569 omnia
605 543 645 579 quae
653 530 676 568 ab

52 598 74 634 iis
91 595 202 634 anmmeiata
219 596 271 630 erant
288 593 320 641 qui
334 593 417 630 Verbum
433 594 476 630 ritae
492 596 623 641 conspexerant
642 593 675 630 SS.

53 656 151 705 Scripturis
173 653 302 699 consentirent,
321 653 418 701 diligenter
437 653 542 691 observavit.
574 654 627 692 Quod
648 657 675 690 est

52 716 161 764 ipsissimum
170 716 299 760 argumentum
308 726 343 760 qrro
352 713 406 749 toties
415 714 496 750 Irenaeus
504 714 534 750 vel
542 713 566 750 ad
575 713 676 750 Haereticos

52 774 159 813 refellendos
168 773 197 811 rel
205 773 228 811 ad
237 786 278 811 suas
287 773 387 811 sententias
396 773 529 811 confirmandas
537 772 601 811 ntituu
622 773 676 811 Nihil

53 840 114 873 autem
127 836 193 873 horum
207 835 230 879 de
245 835 319 883 ignatio
333 835 392 872 dicere
403 836 473 885 potuit;
488 848 529 873 cnm
546 848 674 885 enumquam

52 901 132 934 versatus
150 900 177 932 est
192 896 288 942 Elorinus,
306 909 344 934 non
352 897 398 933 vidit
411 910 453 933 eum
466 898 560 943 irenaeus,
579 910 675 946 nunquam
727 893 733 900 χ

54 959 172 995 disserentem
185 957 207 994 de
215 957 307 1006 Apostolis
318 962 349 995 aut
361 958 459 1007 Diseipolis
468 958 543 995 Domini
555 957 629 1004 audivit,
643 961 675 994 aut

53 1019 73 1055 in
91 1018 177 1066 Epistolis
198 1019 247 1066 legit.
274 1019 361 1055 Rationes
381 1019 437 1066 igitur
458 1019 501 1054 satis
522 1018 589 1054 multas
610 1018 675 1055 habuit

53 1078 134 1115 Irenaeus
149 1089 181 1114 cur
194 1077 314 1128 Polycarpum
328 1091 361 1115 suo
375 1091 426 1116 more
440 1077 500 1128 potius
513 1091 568 1127 quam
579 1077 674 1126 Iguatium

54 1140 137 1177 adversus
145 1139 215 1177 Florini
222 1140 354 1188 blasphemiam
361 1143 427 1176 testem
436 1139 539 1176 adduceret.

79 1200 168 1239 Quocirca
182 1213 224 1245 cnm
237 1200 350 1238 notissimam
362 1201 381 1238 S.
390 1200 460 1249 Ignatii
473 1200 583 1238 sententiam
594 1200 675 1238 irenaeus
683 1210 756 1247 Receptu-

54 1261 141 1306 citaverit,
157 1274 211 1307 quam
227 1261 248 1297 in
261 1262 344 1308 Epistola
357 1262 439 1308 ejusdem
454 1261 477 1296 ad
492 1262 585 1297 Romanos
599 1249 722 1297 totidemlalffl·

54 1320 112 1357 verbis
126 1320 211 1369 scriptam
220 1321 331 1370 reperimus:
345 1334 387 1359 oum
395 1321 486 1359 Eusebius
498 1321 590 1359 Irenaeum
601 1333 640 1358 eam
654 1334 676 1359 cx

55 1380 118 1418 eadem
126 1381 208 1430 Epistola
215 1381 297 1419 hausisse
306 1385 379 1428 asserat,
389 1381 456 1431 aliique
467 1384 509 1430 post
522 1393 564 1419 eum
572 1381 621 1418 idem
629 1382 677 1419 affin*
721 1428 723 1430 Ι

54 1445 116 1479 ment:
132 1455 174 1479 cnm
186 1442 236 1478 nulla
249 1442 323 1478 omnino
331 1443 358 1479 vis
371 1442 391 1479 in
403 1443 435 1479 illa
448 1442 565 1480 distinctione
573 1442 621 1479 iuter
630 1442 677 1479 dicit
721 1433 724 1437 ,

30 1533 32 1535 .
55 1508 73 1538 ct
85 1504 157 1549 serpsit
170 1505 255 1550 appareat
260 1507 280 1546 '²¹3
294 1514 335 1538 cnm
347 1502 399 1538 nulla
411 1503 481 1550 Ignatii
493 1503 648 1552 apophthegmata
657 1503 677 1540 in

56 1561 184 1609 antiquissimis
197 1561 325 1610 Scriptoribus
333 1564 371 1614 ¹aut
384 1561 436 1599 Actis
449 1564 569 1610 reperiantur,
584 1563 605 1599 in
616 1561 678 1611 ‘poste-

55 1619 132 1659 rioribus
141 1624 202 1659 autem
211 1634 251 1671 qua
257 1624 329 1659 exstant
338 1633 360 1659 en
368 1620 454 1671 Epistolis
468 1622 569 1660 certissime
581 1623 678 1673 desumpta

0 1719 1 1722 ,
56 1682 103 1727 sint,
117 1696 158 1720 cum
171 1683 247 1731 deniqne
260 1684 311 1720 nulla
323 1683 370 1720 ratio
382 1683 469 1720 hactenns
483 1685 585 1732 excogitata
597 1685 627 1730 sit,
638 1697 678 1733 quae

0 1744 1 1790 J
55 1741 133 1791 reliquas
142 1742 212 1791 Ignatii
224 1742 315 1803 Epistulas
327 1743 420 1792 ignorasse
433 1744 524 1781 Irenaeum
536 1743 589 1782 uobis
603 1757 678 1793 persua-

56 1802 103 1848 deat,
120 1803 200 1841 rationes
220 1809 282 1841 autem
298 1806 361 1842 multa
384 1808 485 1853 suppetant,
502 1818 541 1853 quae
557 1806 609 1842 nobis
622 1807 678 1842 fidem

56 1860 129 1907 faciant,
138 1862 208 1899 nullam
217 1863 288 1901 Irenaeo
296 1864 390 1912 Ignatium
401 1864 469 1901 citandi
479 1865 592 1901 occasionem
602 1865 625 1901 iis
633 1864 678 1901 locis

56 1921 136 1960 oblatam
148 1923 210 1971 fuisse,
220 1924 286 1973 quibus
298 1925 396 1975 adversarii
406 1926 475 1974 justam
484 1929 503 1962 ct
510 1926 632 1963 necessariam
640 1938 678 1963 cre-

56 1987 112 2031 pant3
126 1985 214 2023 concludo
223 1986 326 2024 “frivolum
335 1990 354 2024 et
362 1986 445 2035 ineptum
454 1999 493 2023 esse
502 1987 594 2024 Irenaeum
606 1986 679 2024 aliunde

56 2056 111 2091 quam
119 2046 158 2082 ex⁷’
172 2050 235 2083 nostra
243 2047 313 2095 Ignatii
322 2050 333 2068 “
339 2048 423 2096 Epistola
434 2048 457 2085 ad
466 2048 558 2086 Romanos
570 2050 680 2086 sententiam

56 2104 152 2152 sumpsisse
160 2106 265 2153 hariolari,”
278 2107 358 2156 adeoque
366 2108 493 2145 testimonium
502 2109 568 2145 Irenaei
580 2108 603 2144 ad
614 2110 679 2145 confir-

55 2165 142 2203 mandam
147 2166 287 2215 ignatianorum
293 2167 420 2206 auctoritatem
426 2181 438 2206 a
443 2169 511 2206 nostris
516 2173 566 2206 reete
573 2172 592 2206 et
599 2169 680 2217 apposite

57 2223 122 2264 afferri.
399 2225 402 2228 ’

74 2312 149 2352 ¹Vocem,
166 2318 273 2352 “narrantem''
283 2319 353 2355 suppleri-
378 2318 487 2355 Theolog.0rit.
495 2320 546 2354 11261,
560 2317 679 2346 “miseram'esse

56 2358 92 2388 mus,
99 2362 132 2382 cum
141 2354 170 2383 tale
179 2355 234 2392 aliquid
241 2355 309 2385 excidisse
316 2356 353 2385 vide-
377 2355 679 2385 bominisadmclioranaticavillotionem.”

57 2390 92 2432 alur-
111 2391 171 2429 Deinde,
183 2394 225 2431 paulo
236 2394 277 2430 infra,
288 2396 353 2423 “annun-
379 2394 450 2430 Quicquid
460 2395 484 2429 sit,
493 2395 511 2423 ab
521 2395 554 2422 orbe
563 2393 617 2429 Ignatii
626 2394 679 2430 inper-

57 2428 94 2455 crata
100 2431 152 2458 erautl'
379 2434 438 2467 potuum
451 2432 524 2459 submovit
537 2431 619 2466 Pearsonns,
632 2432 679 2460 inrito

75 2468 84 2480 ¹¹³
91 2464 112 2492 De
122 2467 148 2495 hac
158 2468 250 2497 distinctione
262 2476 292 2496 non
302 2468 355 2505 injuria
378 2471 428 2496 tamen
434 2471 449 2496 et
456 2468 541 2505 indignante
549 2467 623 2497 Ourctono.
633 2468 678 2499 Vind.

57 2502 121 2535 queritur
137 2505 188 2535 Gottfr.
203 2507 269 2546 humpen
285 2507 301 2535 in
315 2506 354 2536 Hist.
378 2507 422 2544 pti.
