1679 2935
1 2247 4 2260 ³
47 2257 50 2261 ’
88 2247 201 2296 incipiamus,
217 2250 261 2283 sunt
273 2246 301 2283 illi
315 2259 357 2284 sane
373 2246 499 2296 quamplurimi
506 2261 512 2293 ς
525 2253 584 2296 neque
596 2246 634 2285 ulla
645 2252 711 2297 scripta
762 2272 768 2298 p

3 2301 6 2317 l

250 181 363 231 lanuuium
375 201 409 228 auo
422 184 525 228 arenario,
663 194 705 228 113*

341 812 395 848 OAP.
407 812 445 849 III.

81 958 191 1007 Arpuauenta
201 973 236 1008 pro
246 961 264 998 S.
271 961 348 1009 Ipnutio,
359 961 427 1008 partini
441 973 452 997 ο
464 961 620 1008 mantuanorum
632 972 642 995 u
654 959 703 996 testi-

106 1021 170 1057 moniis
181 1023 246 1069 petitu.
271 1022 289 1058 Α
299 1022 368 1059 testium
376 1033 453 1067 raurneoo,
467 1021 573 1068 antiquitate
584 1025 601 1057 et
611 1021 660 1057 cerie.
686 1020 704 1054 Α

107 1083 245 1120 testimoniorum
253 1086 290 1119 turn
296 1083 381 1131 ponerent,
391 1086 428 1118 turn
432 1082 542 1129 ponticulum¹
550 1081 662 1118 indicatione.

65 1248 66 1251 η
83 1221 126 1258 CUM
139 1225 167 1259 tot
180 1221 262 1258 omnium
275 1222 382 1259 saeculorum
394 1213 501 1259 testimcnia
513 1221 645 1266 addmrerimus,
659 1220 705 1257 nihil

82 1281 164 1326 interius,
174 1282 223 1329 quod
235 1281 258 1328 ad
266 1282 402 1329 Argumentum
409 1282 511 1318 Externum
524 1281 595 1332 attinet,
609 1280 705 1317 desiderari

81 1346 134 1389 posse
141 1342 224 1379 videatur
229 1356 234 1386 5
247 1340 273 1378 Τὸ
283 1341 319 1392 γὰρ
328 1339 421 1381 τοσούτοις
432 1340 524 1392 μάρτυσιν
536 1340 639 1379 ἀντιτείνειν
646 1355 705 1391 ττιιρα-
761 1335 763 1338 ’

84 1401 163 1450 πληξίος
171 1401 257 1454 ἐσχάτης,
266 1403 299 1439 Tot
307 1402 375 1440 enimet
383 1394 438 1440 tontis
446 1403 519 1440 tectioris
527 1401 617 1453 oqtfoqaai
625 1406 706 1440 entrance
751 1418 754 1420 ·
769 1423 772 1433 ι

85 1466 174 1502 dementia
184 1468 215 1511 eut,
224 1468 245 1501 ut
253 1465 334 1513 loquitur
347 1464 473 1502 Theodoreus
483 1464 560 1512 Dialcgc
569 1465 586 1501 Ι.
611 1464 636 1500 ut
644 1467 707 1500 tumen

84 1529 166 1574 repertus
179 1528 207 1561 est
221 1524 332 1570 Blcudellus,
342 1525 374 1573 qui
387 1525 408 1561 in·
421 1525 530 1562 Praefaticue
543 1524 622 1562 rotunde
636 1524 706 1570 dixerit,

85 1588 98 1605 “
105 1585 141 1622 Sed
148 1585 223 1633 plenam,
229 1584 265 1620 illis
272 1573 318 1631 ipsis
327 1596 370 1632 quas
377 1585 462 1621 confictas
468 1588 553 1632 putamus
558 1585 644 1633 Epistolis
652 1585 707 1621 fidem
714 1590 786 1636 Blandelti

81 1645 164 1690 ¹habuere
173 1645 237 1681 Patres
241 1658 247 1688 ;
257 1643 307 1681 unia
315 1644 385 1680 tum?”
397 1644 441 1681 Ain'
447 1656 494 1688 vera,
505 1647 516 1691 ‘f
522 1644 571 1681 Quid
577 1649 617 1680 turn
623 1644 646 1679 ,Ψ
660 1645 707 1680 Tum
714 1630 790 1659 cementa.

86 1708 134 1742 certe
142 1704 230 1742 habemus
239 1704 373 1751 Argumentum
382 1716 393 1739 a
401 1702 509 1740 testimoniis
517 1704 595 1752 petitum
604 1703 626 1742 de
636 1704 707 1753 Scriptc

86 1765 126 1802 Viri
134 1763 234 1813 Apostoliei
240 1763 366 1800 Ecclesiastico
374 1763 536 1812 locupletissimum
542 1763 706 1814 firmissimumque,

86 1823 105 1863 et
113 1825 165 1875 quale
174 1836 268 1873 nunquam
276 1823 335 1861 adhuc
344 1837 448 1873 quenquam
461 1824 526 1861 fefellit
531 1839 536 1869 ς
548 1837 607 1873 neque
616 1825 708 1862 sicaetera

86 1885 212 1936 respondeant,
227 1896 267 1934 qun
279 1884 300 1921 in
313 1884 428 1933 Argumentc
441 1885 517 1922 Interno
531 1886 631 1932 afferemus,
646 1886 708 1924 fallere

86 1947 166 1993 potuisse
178 1945 280 1993 putandum
293 1948 325 1981 est.
352 1945 393 1981 Hoc
404 1949 425 1980 ut
434 1944 529 1981 dilucidius
538 1949 627 1993 appareat,
637 1958 658 1981 ex
666 1950 709 1982 aute

87 2005 140 2042 dictis
148 2005 237 2041 nonnulla
245 2003 475 2053 observabimus,etquam
484 2017 505 2042 ea
513 2004 550 2042 vim
563 2004 589 2042 ad
598 2005 653 2043 fidem
665 2005 709 2043 faci-

87 2066 153 2102 endam
161 2065 246 2111 habeant,
255 2068 294 2102 tum
304 2077 326 2101 ex
334 2064 410 2102 testibus
421 2065 470 2114 ipsis,
479 2068 520 2101 tum
533 2078 554 2102 ex
566 2066 648 2114 ipsorum
657 2067 710 2103 testi-
736 2067 738 2070 ’

87 2125 153 2163 moniis
161 2125 298 2175 perpendemus
494 2126 496 2128 ’

112 2187 130 2224 Α
138 2186 216 2224 testibus
224 2200 262 2224 non
270 2200 329 2239 unum
337 2187 424 2224 sumimus
433 2190 566 2234 argumentum.
580 2188 607 2224 Ut
616 2200 710 2225 anumerc
717 2197 795 2231 Argumen-
830 2222 833 2227 ,

717 2236 788 2300 llil?

87 2310 127 2343 tam
134 2307 196 2345 brevia
204 2310 232 2344 tot
240 2307 319 2344 tantares
326 2310 344 2344 et
350 2311 411 2353 testes,
417 2311 445 2344 tot
454 2312 565 2356 excerptores
574 2307 710 2355 laudatoresque
717 2310 758 2338 num

89 2367 148 2405 adhue
162 2368 232 2416 uspiam
247 2370 301 2404 nacta
315 2371 363 2404 sunt.
389 2368 422 2404 Est
436 2368 485 2404 enim
496 2368 524 2405 vel
534 2381 571 2404 una
587 2368 710 2404 S.Olementis

89 2427 171 2476 Epistola
179 2428 202 2465 ud
207 2427 311 2465 Corinthios
319 2428 386 2476 scripta
390 2427 419 2464 his
428 2432 497 2477 septem
506 2427 651 2476 &Ignatfihaud
656 2428 711 2476 paulo

89 2487 176 2535 prolixior
179 2504 185 2534 3
197 2488 298 2537 prasertim
312 2488 327 2526 si
341 2487 405 2526 folium
419 2489 465 2526 illud
479 2489 523 2526 Ms⁰
538 2489 617 2525 excisum
631 2489 712 2527 conside·

89 2558 156 2592 remus,
171 2549 220 2596 quod
234 2552 275 2585 octo
290 2549 313 2585 ad
326 2549 423 2585 minimum
437 2549 516 2596 paginas,
529 2552 551 2584 ut
563 2560 614 2584 nuuc
628 2549 711 2586 Clemens

91 2604 149 2642 editus
158 2609 190 2651 est,
200 2611 287 2657 exaequat.
312 2608 337 2645 nt
346 2607 427 2657 quamvis
435 2607 514 2645 Dalloeus
523 2607 545 2644 de
553 2621 629 2646 numero
637 2610 712 2647 testium

90 2660 175 2713 prouocet
183 2666 206 2703 ad
214 2668 319 2707 testimonia
327 2668 399 2718 Ignatio
413 2669 435 2707 ab
444 2669 523 2716 Usseric,
533 2669 623 2707 Clementi
632 2683 643 2707 a
651 2670 712 2716 iunio,

115 2731 162 2753 ruris.
172 2733 225 2769 cruore.
290 2753 291 2756 ,
560 2741 567 2767 1
