1747 2957
188 209 225 246 270
378 218 506 247 mauritarum
518 218 624 247 anonumum

187 310 309 356 Matthaeum;
333 310 426 350 ordinasse
444 312 554 362 Episcopum
574 309 649 348 nomine
665 309 763 356 Asianum,
781 298 810 348 vel

119 418 127 421 q
188 374 286 419 Ananiam,
300 374 365 411 eodem
378 386 466 412 consensu
480 374 566 411 tradunt:
586 373 689 422 adjunxisse
703 373 776 410 Aniano
788 377 810 409 ut

188 434 278 483 Episcopo
293 438 364 471 certum
377 434 526 482 Presbyterorum
543 436 561 469 et
577 433 700 470 Diaconorum
712 445 810 469 numerum
873 462 874 475 ,

188 494 256 542 pariter
268 494 355 531 referunt.
381 495 423 544 lpse
436 494 537 544 Eutychius
552 493 658 531 Patriarclra
670 492 810 539 Alexandrinus,

95 563 181 592 aestimau-
189 554 240 602 cuy'us
250 553 355 602 Originibus
363 553 447 591 adversus
460 553 554 602 ignatium
566 557 650 599 utuntur,
658 565 697 590 non
708 552 760 589 aliter
768 565 811 589 nar-

95 602 170 668 Effiffil'
190 613 235 652 rath.
264 614 325 651 Orela
333 614 355 651 ab
363 626 383 651 eo
396 618 472 661 tempore
480 614 574 652 Hcaccias
582 615 602 651 ic
612 613 706 659 Christum,
714 613 760 650 aaa
769 612 811 660 bup-

95 678 162 707 triarchas
190 676 254 712 dicavit
268 686 306 711 cuca
320 675 401 720 Marcus,
415 678 432 710 cl
445 675 560 712 Alexandria
574 675 701 712 Palaiccclacm
714 673 810 711 constituit.

95 716 173 745 Aleuaudr.
188 735 265 782 Failqac
270 735 440 771 isPclcicrclacrum
446 736 476 783 qai
481 733 681 784 Alcaaaclciaprccfccti
689 738 730 772 sacal
735 723 811 783 paitraus.

190 794 285 831 Constituit
294 797 352 831 cratera
359 794 476 841 Eocayelc'sic
484 796 560 832 Maccus
567 808 603 832 aaa
612 807 651 831 maara
658 796 744 832 Hcccaic
750 795 812 831 Pata·-

189 857 245 893 crclaa
253 856 343 893 duodecim
352 856 471 904 presbyteros,
482 858 511 903 pal
519 868 579 904 aeacpe
588 868 626 893 cum
635 857 746 893 Patriorclca
753 868 813 893 marae·

188 920 233 954 cccl.
247 917 306 955 Vetus
315 916 375 954 Marci
384 916 472 954 Historiae
480 921 548 964 auctor,
554 917 621 955 Beatus
628 918 703 955 Murcus
711 918 813 955 Aalzaacac

188 978 253 1015 ididem
270 978 359 1015 ocdiacca't
376 978 489 1025 Episcopum,
503 982 521 1015 el
534 983 571 1016 tres
581 979 701 1026 presbyteros,
716 982 733 1015 cl
747 982 813 1025 septem

188 1038 284 1074 Diaconos.
318 1038 366 1075 Ecce
381 1037 492 1086 ipsissimam
508 1038 574 1075 faciem
594 1037 680 1074 Ecclesiae
697 1037 811 1087 Ignatiame!

189 1098 270 1136 Ananias
279 1097 328 1135 enim
336 1098 386 1135 idem
391 1098 506 1136 Alexandriae
512 1099 547 1137 luit
557 1098 605 1148 quod
611 1099 696 1147 Ignatius
703 1098 811 1145 Antiochino,

190 1160 238 1209 quod
246 1160 357 1209 Polycarpus
366 1161 455 1209 Smyrnae.
481 1160 594 1198 Potestatem
600 1160 621 1198 in
627 1160 746 1208 Presbyteros
754 1160 812 1197 habu-

189 1221 225 1257 isse
237 1220 301 1269 negari
312 1233 351 1258 non
362 1224 429 1268 potest,
443 1233 485 1258 cum
496 1221 525 1259 vel
535 1222 596 1270 ipsum
607 1221 636 1259 uel
649 1233 761 1258 successores
774 1221 813 1269 ejus

191 1279 247 1317 etiam
254 1280 273 1327 ii,
283 1279 314 1328 qui
323 1292 353 1317 eos
361 1280 424 1317 volunt
437 1294 448 1317 a
457 1280 571 1330 Presbyteris
583 1280 681 1327 ordinatos,
691 1294 733 1317 oum
741 1294 763 1318 aa
771 1294 813 1318 auc-

191 1342 266 1379 toritate
274 1342 383 1379 describant.
408 1342 470 1379 Etiam
480 1343 498 1379 S.
507 1343 631 1392 Hieronymus
639 1342 722 1392 Epistola
734 1342 757 1380 ad
765 1343 813 1380 Eua·

192 1402 257 1452 grium.
271 1402 338 1439 “Nam
348 1405 366 1439 et
372 1402 505 1449 Alexandriae,'’
514 1402 580 1452 inquit,
588 1406 616 1440 “a
624 1402 688 1440 Marco
696 1402 814 1451 Evangelista

191 1475 249 1511 usque
257 1462 281 1499 ad
286 1462 384 1499 Heraclam
391 1467 409 1499 et
414 1463 523 1512 Dionysium
529 1463 627 1512 Episcopos
634 1462 737 1512 Presbyteri
744 1475 814 1511 semper

191 1534 250 1560 unum
260 1534 283 1559 ex
294 1534 313 1559 se
326 1522 404 1559 electum
416 1522 437 1559 in
449 1522 541 1560 excelsiori
554 1524 612 1571 gradu
620 1523 728 1561 collocatum
739 1522 814 1571 Episco-

190 1595 236 1630 pum
244 1582 370 1626 nominabant,
379 1583 470 1630 quomodo
479 1583 494 1618 si
503 1583 591 1619 exercitus
600 1584 732 1630 Imperatorem
740 1584 786 1619 facia
797 1585 814 1619 .”

191 1642 269 1680 Ananiae
280 1642 342 1691 itaque
357 1654 472 1690 successores,
484 1642 583 1692 singulares
596 1643 711 1681 Alexandriae
724 1643 814 1692 Episcopi,

192 1716 249 1752 usque
258 1702 281 1740 ad
290 1702 388 1740 Heraclam
396 1702 425 1741 vel
433 1703 549 1741 Demetrium
557 1703 578 1740 in
587 1703 679 1741 excelsiori
688 1703 750 1752 gradu,
760 1717 815 1752 quam

193 1764 298 1813 Presbyteri
303 1764 336 1810 sui,
342 1763 426 1800 fuerunt:
434 1768 453 1800 et
458 1764 532 1813 quidem
537 1777 579 1802 curn
585 1765 693 1802 auctoritate
700 1768 718 1801 et
724 1767 815 1814 potestate

193 1825 213 1861 in
221 1825 346 1873 Presbyteros,
355 1828 376 1860 ut
381 1824 509 1872 imperatorin
515 1825 588 1861 milites.
613 1825 644 1861 ita
653 1825 726 1873 agnosit
732 1826 753 1861 in
757 1826 815 1862 Theo-

192 1884 243 1933 philo
253 1884 377 1922 Alexandrino
390 1884 480 1934 Episcopo
493 1883 526 1932 τὴν
540 1881 643 1922 acclamata
655 1886 687 1932 τῆς
700 1882 816 1932 εὐωγιγελιιοῆς

194 1942 279 1996 διαδοχῆς
288 1944 374 1994 Synesius
382 1944 421 1994 ipse
429 1945 535 1994 Episcopus,
544 1944 607 1991 idest,
617 1956 684 1982 sumnia
693 1945 817 1982 auctoritatem

194 2009 211 2042 cl
219 2009 311 2052 cccccccccc,
319 1999 363 2043 non'
370 2018 391 2042 ea
400 2009 454 2043 aetate
462 2006 574 2054 acquisitam,
588 2005 620 2044 sed
633 2006 655 2043 ab
664 2006 703 2055 ipsa
711 2006 819 2043 sccccssloac

194 2066 378 2114 MurcilEcaayelista
385 2066 490 2112 derivatam,
496 2067 555 2116 Epist.
561 2067 604 2104 lxvi.
611 2066 688 2117 ideoque
694 2079 737 2103 eum
743 2067 770 2103 ita
775 2067 819 2104 ullo·

197 2126 263 2175 quitur,
272 2124 319 2173 Ἐγὼ
328 2124 347 2163 δὲ
353 2125 451 2173 βούλομαι,
461 2125 492 2164 cal
500 2126 569 2175 dva'rycp
575 2141 607 2174 pcc
616 2125 660 2171 tela,
670 2125 724 2176 νόμον
731 2125 818 2176 ἡγεῖσθαι

196 2187 234 2222 πᾶν
240 2185 254 2227 ὅ,
263 2199 281 2222 τι
288 2185 310 2221 civ
316 2186 396 2224 e’ueivosc‘
406 2185 466 2235 θρόνος
475 2185 560 2234 θεσπίσῃ.
578 2188 618 2235 Epo
624 2192 682 2224 actem
686 2189 730 2234 volo,
737 2191 755 2225 et
760 2200 819 2225 aetes-

196 2247 242 2283 sc'tas
252 2246 296 2282 acilii
305 2246 366 2282 diuino
373 2246 463 2292 incumbit,
470 2247 524 2293 lcycm
534 2247 635 2283 eaistimare
646 2248 690 2284 alal
694 2248 819 2295 praescriptam

196 2307 281 2356 quicquid
291 2307 313 2343 cb
324 2307 357 2344 illc
366 2307 451 2343 caracara
462 2311 545 2355 tcayaara
557 2307 642 2345 utalaam
650 2309 747 2346 iudicatam
754 2308 818 2356 faerit,

195 2369 254 2418 Epist.
263 2368 312 2406 lxvii.
327 2368 405 2407 Quando
413 2367 471 2416 igitur
478 2367 562 2415 ignatius
570 2369 660 2417 Epistolas
669 2369 746 2419 scripsit,
756 2370 819 2406 eadem

196 2431 255 2466 forma
263 2429 357 2477 regiminis
365 2428 490 2465 Ecclesiastici
498 2428 612 2465 Alexandriae
620 2429 661 2475 fuit,
671 2442 711 2478 quae
718 2432 756 2466 erat
764 2430 819 2466 Anti-

197 2491 258 2536 oohiae,
268 2493 287 2527 et
295 2502 349 2538 quam
357 2490 378 2526 in
386 2489 426 2527 aliis
435 2488 537 2526 civitatibus
545 2489 600 2527 fuisse
607 2494 700 2527 testantur
707 2490 800 2538 Epistolae.

106 2556 188 2589 Clementis
222 2551 263 2588 Imo
271 2563 313 2589 vero
327 2553 370 2588 ante
383 2549 486 2596 Heraclam,
496 2549 559 2587 eadem
572 2549 654 2588 doctrina
666 2563 707 2600 quae
715 2550 738 2589 ab
746 2549 819 2599 Ignatio

105 2598 178 2674 ‘iiim
197 2612 269 2662 prodita
278 2616 305 2649 cst
313 2612 334 2650 in
342 2612 423 2654 Ecclesia
431 2611 555 2650 Alexandrina
563 2614 651 2662 tanquam
659 2613 682 2650 ab
690 2612 744 2651 initio
752 2611 820 2650 tradita

253 2681 259 2700 ¹¹
269 2682 341 2713 rusiusaa
346 2683 416 2721 Eutychio
423 2683 453 2720 agit
458 2683 536 2713 Pcarsonus
543 2682 575 2712 infr.
583 2682 635 2713 scetii.
642 2682 684 2720 hujus
690 2683 746 2721 capitis.
