1747 2957
206 218 243 256 222
414 227 523 257 22222222
535 226 618 255 onosma

208 319 297 368 Spiritum
320 320 401 358 veritatis
420 319 522 369 intelligere
538 318 646 367 Apostolum
667 316 754 355 Paulum:
778 316 829 359 and
872 336 873 353 ι

207 381 283 429 quiden,
298 381 364 432 inquit,
380 383 399 419 in
414 381 496 419 Ecclesia
507 380 594 429 patiano.
619 379 702 427 Plariano
720 378 771 425 eninr,
787 378 828 415 anna

203 443 246 489 2222
259 454 291 479 nos
304 444 381 490 22222222
394 454 446 490 22222
459 452 550 486 rraerernnr,
566 442 602 476 222
610 440 684 487 jactant
697 442 714 476 et
729 440 828 486 222222222,
872 460 873 483 3

206 514 294 540 sermones
317 508 386 540 nostros
403 503 534 550 doctrinamque
552 502 649 546 laudantes,
667 513 704 548 222
722 501 828 538 conscientia

206 567 268 599 nostra
281 575 317 599 non
328 564 397 610 recipit.
422 563 462 599 Alii
472 562 512 599 aero
526 564 613 599 tractatas
623 564 692 597 nostros
702 561 829 596 eainrnniantes

207 635 228 659 ea
243 625 308 660 sentire
319 636 351 660 nos
364 623 487 670 erirainnntnr,
503 634 540 671 222
552 633 640 670 22222222
652 622 726 658 serrsissc
738 632 770 657 nos
780 622 829 656 nori·
873 614 874 626 ³

206 696 250 721 2222,
277 684 322 722 Quae
336 683 358 720 de
371 683 430 732 seipso
443 683 543 732 Origenem
556 683 649 732 scripsisse
660 683 700 731 quis
714 694 753 720 non
765 681 829 719 ridet?

208 744 244 780 Sed
253 744 312 781 obiter
324 744 402 791 appellat
416 744 505 791 Spiritum
517 744 536 781 ἓξ
546 746 617 781 tortian
624 755 720 792 22222222
728 755 739 780 2
748 743 804 780 Patre
812 745 830 779 et

206 804 264 846 Filio5
282 816 306 839 22
323 807 385 840 etitem
403 803 492 852 Origenes
506 803 533 841 ita
549 804 599 854 loqui
615 817 653 841 non
667 805 741 853 potuit?
767 803 829 841 Latini

205 865 270 900 Patres
284 863 389 901 ὑπόστασιν
399 876 498 911 personam
508 864 648 901 transtrderunt.
679 865 724 901 Tres
736 868 798 901 autem
809 864 830 900 in

206 923 278 961 Divinis
292 921 405 964 ὑποστάσεις
417 937 488 972 semper
497 923 570 972 agnovit
579 924 674 973 Origenes.
700 923 742 973 Ipse
751 923 830 961 secundo

206 986 263 1022 Tamo
271 986 292 1022 in
299 986 311 1022 J
311 998 395 1031 oannem,
405 987 438 1034 §a
446 984 510 1033 Ἡμεῖς
518 983 579 1033 μέντοι
587 1000 609 1033 (γε
617 987 665 1036 τρεῖς
673 983 784 1026 ὑποστάσεις
790 999 830 1022 πει-

208 1045 380 1097 θόμενοι-2222222222
388 1045 419 1082 τὸν
425 1044 505 1096 Πατέρα,
513 1044 543 1082 nai
551 1044 582 1082 τὸν
587 1044 634 1087 Tito,
641 1044 672 1081 nai
678 1044 699 1081 τὸ
706 1043 767 1092 'linior
772 1045 831 1082 Πνεῦ·

206 1121 237 1154 pa,
245 1106 278 1155 (ita
285 1107 326 1156 lego
334 1106 355 1143 in
363 1107 408 1143 MS⁰
416 1110 491 1152 nostro,
501 1110 519 1143 et
527 1106 609 1154 agnoscit
618 1106 698 1144 Hvictius
702 1105 734 1142 illa
738 1106 794 1143 verba
800 1104 831 1142 nai

207 1166 238 1203 τὸν
246 1166 289 1203 Tito
296 1167 317 1203 in
325 1167 411 1204 Editione
422 1179 454 1203 sua
464 1179 496 1215 per
506 1167 622 1215 Typographi
632 1167 722 1203 incuriam
734 1177 772 1202 esse
785 1178 829 1214 pree-

207 1227 308 1276 termissa3)
326 1227 419 1264 Ferrarius
428 1227 527 1275 interpres,
538 1226 577 1263 Nos
589 1230 647 1263 222222
658 1226 688 1274 222
701 1229 737 1263 tres
743 1239 831 1274 personas

208 1288 287 1333 Patroni,
297 1292 314 1325 ot
322 1288 392 1333 Filinni,
402 1291 453 1336 22222
463 1289 549 1336 8222222222
558 1288 577 1325 S.
587 1299 623 1324 essa
632 1288 724 1324 eredinns.
749 1286 820 1324 Plurim

209 1352 252 1385 sunt
260 1349 280 1385 in
284 1349 354 1386 Latinis
361 1349 446 1397 Origcnis
451 1348 473 1385 de
481 1348 571 1385 Γ22222222
579 1360 702 1396 personarum,
710 1347 741 1384 sed
749 1352 832 1396 suspecta

210 1422 231 1446 ea
240 1409 310 1447 Huetio
323 1409 367 1446 facit
380 1409 430 1446 fluxa
443 1409 513 1446 nuffini
527 1409 635 1456 interpretis
648 1409 699 1446 fides.
724 1409 749 1445 Et
758 1408 831 1456 quidem
862 1410 863 1413 ’

211 1469 244 1505 ubi
257 1469 279 1504 de
291 1469 362 1504 unitate
370 1468 470 1512 Trinitatis
482 1472 514 1504 aut
527 1468 629 1515 aequalitate
638 1479 756 1515 personarum
766 1467 830 1515 agitur,

211 1527 276 1564 meiito
289 1527 407 1564 diffidendum
415 1531 442 1563 est
450 1526 573 1576 iuterpretil:
587 1526 609 1564 de
620 1527 709 1564 Trinitate
721 1531 782 1564 autem
790 1531 832 1565 222-

119 1589 188 1627 Origenes
208 1587 305 1625 tummodo
316 1588 403 1637 loquenti,
413 1588 460 1625 ratio
472 1587 523 1625 nulla
533 1592 560 1625 est
571 1600 603 1625 cur
613 1587 720 1625 diffidamus.
746 1588 770 1625 Iu
781 1592 831 1626 sento

118 1631 185 1695 ζξζὶξῗζ
211 1649 268 1685 'domo
285 1648 305 1685 in
321 1649 417 1695 ioannem,
435 1650 482 1699 217.
497 1649 597 1686 etiamnum
611 1649 689 1697 legimus
703 1648 832 1698 προσιυνητὴιι

118 1703 175 1771 iiliuii
211 1707 285 1759 Τριάδα,
301 1708 412 1746 adorandam
427 1708 543 1746 nannenten.-
556 1709 610 1758 idque
623 1713 666 1746 ante
679 1708 803 1746 observaverat
813 1710 831 1747 S.

119 1751 182 1816 ignivit,
212 1770 291 1807 Basilius
298 1770 331 1808 lib.
340 1770 363 1807 de
372 1770 442 1819 Spiritu
451 1770 470 1808 S.
479 1782 518 1818 cap=
527 1772 557 1808 29.
568 1772 577 1820 2
587 1771 617 1808 23.
642 1770 695 1808 Nilril
708 1771 757 1807 enim
766 1770 832 1808 certius

212 1835 240 1868 est
254 1844 308 1879 quam
323 1831 422 1880 Origeuern
436 1835 473 1868 tres
487 1842 573 1879 personas
586 1831 606 1867 in
619 1830 683 1868 divinis
701 1831 799 1879 agnovisse,
813 1835 832 1868 et

211 1896 275 1929 eontra
283 1905 313 1930 eos
326 1892 426 1941 disputasse
436 1892 467 1941 qni
474 1904 531 1929 unam
540 1890 645 1929 ὑπόστασιν
658 1891 770 1937 asserebant,
784 1891 832 1939 quod

211 1952 227 1988 si
236 1964 265 1989 eas
274 1952 376 1989 substantia
382 1952 478 1989 distinctas
486 1955 505 1989 et
513 1952 611 1999 inaequales
620 1952 687 1996 docuit,
697 1963 718 1988 eo
726 1951 766 1999 ipso
774 1952 832 1999 magis

211 2015 282 2048 certum
295 2015 328 2049 est.
354 2011 381 2049 Ut
390 2015 452 2049 autem
464 2011 606 2058 distinctionem,
614 2012 641 2048 ita
651 2012 707 2049 etiam
719 2015 738 2049 et
750 2011 833 2049 ordinem

211 2071 292 2118 tradidit,
307 2072 338 2121 qui
350 2072 381 2110 lib.
389 2087 405 2110 v.
415 2074 500 2111 adversus
512 2073 586 2111 Celsum
601 2086 639 2111 non
653 2074 721 2112 veritus
734 2077 761 2111 est
774 2073 833 2111 dicere

213 2131 307 2169 Christum
324 2131 405 2182 δεύτερον
420 2131 472 2174 Θεὸν,
485 2133 578 2169 sectandam
594 2134 662 2176 Dennz;
679 2138 698 2170 et
711 2146 765 2181 quem
777 2134 833 2170 tradit

213 2192 338 2241 Hieronymus
346 2192 370 2227 ad
375 2192 456 2237 Avitum,
464 2192 485 2226 in
491 2192 523 2227 lib.
529 2190 594 2241 inopi
602 2192 664 2242 ἀρχῶν
673 2193 759 2238 docuisse,
768 2195 833 2230 Fiiinni

212 2264 279 2300 222222
287 2252 371 2288 minoren
377 2251 433 2288 Patre
442 2262 461 2287 oo
470 2251 517 2298 2222
524 2251 609 2288 secandas
617 2252 639 2288 ab
647 2252 677 2289 illo
686 2253 715 2297 sit,
721 2257 738 2290 et
746 2252 833 2300 Spiritnn

209 2312 231 2349 JS.
242 2311 344 2360 infindent
351 2311 397 2347 Filio
406 2311 426 2346 22
436 2311 502 2347 2222222
514 2310 607 2360 222222222
619 2313 693 2350 versari.
719 2313 760 2350 imo
770 2313 833 2351 eadem

211 2373 294 2422 Epistola
303 2372 433 2421 Hieronymus,
445 2370 468 2407 de
476 2370 591 2418 Adamantio,
602 2373 699 2410 “Tertium
712 2373 802 2423 dignitate
814 2378 833 2412 et

209 2434 280 2471 honore
292 2437 334 2482 post
347 2434 422 2470 Patrem
435 2435 454 2468 22
468 2431 535 2469 illium
549 2433 612 2470 asserit
625 2434 714 2482 Spiritum
726 2434 758 2472 s.”
785 2435 833 2472 Satis

210 2493 268 2543 igitm'
274 2493 367 2544 principiis
376 2488 464 2541 origenis
470 2496 611 2531 consentaneum
621 2498 648 2532 est
658 2495 747 2544 Spiritum
757 2496 775 2533 S.
785 2508 833 2534 asse-

211 2567 251 2593 rere
264 2556 336 2592 222222
344 2566 440 2603 personam
457 2565 468 2589 2
484 2553 570 2591 Pinea
583 2555 636 2592 Filio.
663 2556 752 2602 Secundo,
770 2556 833 2604 objicit

212 2618 316 2663 “personas
324 2617 389 2663 longos
399 2626 491 2650 sermones
500 2613 547 2650 inter
556 2628 575 2651 se
583 2616 682 2659 serentes‚”
692 2620 756 2652 eontra
763 2629 833 2653 morem

347 2688 353 2709 ¹¹
363 2688 398 2720 Vidi
403 2687 455 2719 souin
462 2686 508 2725 liclia.
515 2687 677 2721 sacerdotissae.
