1747 2957
149 232 185 268 166
328 243 453 272 rnsrmourun
466 244 480 272 s.
489 244 588 273 romonum

150 335 179 370 cat
185 336 244 383 platta
254 338 309 373 onais
318 341 335 374 et
340 337 471 386 raiapaptcearta
481 338 500 375 ta
508 339 572 376 secula
580 338 687 384 ancarana,
696 335 771 373 Aniena

150 396 219 434 Nonne
231 397 270 436 haec
283 397 409 437 decentissima
421 399 501 438 clausula
513 400 553 438 est?
579 400 639 448 Igitur
653 397 772 450 quadraginta

151 461 221 506 septem
234 460 306 508 paginae
319 463 363 497 sunt
376 465 446 497 assutae
476 461 558 497 Eandem
573 461 672 497 clausulam
684 459 772 497 babemus

152 531 192 567 pag,
202 522 232 566 tl,
247 523 276 566 50,
290 522 319 566 57,
333 523 362 566 59,
376 522 405 566 66,
415 522 449 559 75:
462 534 506 568 opus
518 521 575 568 igitur
583 521 618 557 erit
626 517 725 558 Marcionis
734 532 772 556 ma-

154 579 231 626 chasab,
244 585 266 617 ut
281 581 320 618 liaeo
335 586 353 618 et
366 581 432 617 similia
443 580 575 616 rescindantm.
600 581 628 615 Ea
643 580 716 627 quidem
733 591 773 627 qnae

153 644 254 688 sequuntur
267 640 391 676 testimonium
404 643 487 676 nostrum
499 639 573 677 admitti
584 652 636 688 posse
646 640 677 685 ait,
688 639 732 677 licet
742 639 773 676 de-

154 701 257 738 centissima
264 700 295 737 illa
303 700 384 737 clausula
391 700 507 749 praecesserit.
520 700 546 738 Aa
555 701 570 738 si
577 705 619 750 post
628 700 773 739 decentissimam

154 761 251 798 clausulam
264 759 332 808 aliquid
346 761 418 798 admitti
429 761 491 810 possit,
504 775 535 799 cur
545 775 583 800 non
593 762 639 800 illud
652 762 674 799 de
686 761 772 812 ignatio?

153 822 184 859 An
196 821 228 858 illa
241 821 336 860 “absurde
349 821 416 859 irrferta
429 827 483 871 atque
495 823 578 861 infulta⁷’
593 823 629 861 dici
641 827 723 872 possunt,
734 835 774 871 quae

152 885 194 929 post
207 894 270 917 omnes
284 882 371 918 salutares
384 882 517 919 admonitiones
529 883 552 919 ad
561 884 622 928 fidem,
633 883 747 931 patientiam,
757 886 775 918 et

153 941 291 980 aedificationem
299 942 416 990 pertinentes,
425 942 520 991 speciatim
529 943 552 980 ad
563 943 600 980 ista
610 944 725 992 respondent,
735 956 775 991 quae

153 1003 193 1051 ipsi,
203 1003 225 1039 ad
235 1015 278 1051 qrros
287 1002 355 1050 scribit,
363 1003 421 1040 literis
430 1003 466 1040 suis
474 1004 623 1052 postulaverant?
648 1003 775 1053 Philippenses

136 1109 137 1112 Ἰ
154 1064 177 1101 ad
190 1064 310 1114 Polycarpum
324 1064 431 1113 scripserant
445 1064 467 1102 de
480 1064 574 1102 mittendis
587 1064 645 1102 literis
658 1065 695 1103 suis
708 1065 775 1102 Antio-

153 1126 223 1170 chiam3
237 1130 255 1162 ct
264 1128 358 1162 oraverant
367 1125 427 1171 etiam,
435 1129 457 1162 ut
465 1125 555 1174 Epistolas
564 1126 583 1163 S.
590 1126 665 1174 ignatii,
675 1138 719 1175 quas
728 1125 776 1174 apud

153 1199 172 1223 se
186 1186 267 1231 haberet,
281 1186 305 1222 ad
317 1186 366 1234 ipsos
379 1186 453 1223 mittero
466 1187 577 1234 dignaretm·¹
602 1187 671 1223 Nonne
684 1187 776 1222 adfinem

153 1246 240 1296 Epistulae
252 1248 369 1296 responsoriae
377 1250 510 1295 peropportune
518 1247 586 1285 faceret
595 1247 711 1295 Polycarpus,
721 1246 736 1283 si
744 1245 775 1282 illa

133 1335 139 1348 s.
153 1305 248 1356 reponeret
265 1320 305 1356 quae
321 1306 356 1356 ipsi
371 1307 393 1344 ab
411 1320 432 1344 eo
454 1307 590 1356 efflagitabant?
616 1308 664 1345 Cum
683 1307 776 1356 Epistolas

154 1368 224 1416 ignatii
237 1379 274 1405 suae
287 1368 413 1416 subjunxisset,
428 1380 453 1404 an
467 1368 490 1405 de
503 1368 540 1405 illis
553 1367 597 1405 alibi
608 1368 669 1416 potius
682 1368 777 1416 quicquam

155 1428 247 1472 scriberet
256 1440 311 1474 cluam
320 1428 343 1464 ad
353 1428 409 1463 finem
417 1427 504 1475 Epistulae
512 1441 549 1464 snae
558 1428 587 1474 oui
596 1441 657 1463 earum
669 1426 777 1474 συναγωγὴν

157 1487 289 1536 subjunxerat?
310 1486 364 1524 Nihil
371 1486 400 1523 his
409 1487 461 1524 certe
466 1491 498 1525 arrt
506 1487 533 1524 rei
540 1487 580 1535 ipsi,
589 1491 620 1525 aut
625 1487 673 1524 mori
681 1487 776 1525 hominum

156 1548 176 1584 in
185 1546 411 1595 oonscribendisEpistclis
420 1547 555 1584 convenientius
564 1546 662 1595 excogitari
669 1550 734 1595 potest.

65 1607 133 1652 testimo·
180 1607 237 1644 Levia
249 1607 306 1655 igitur
319 1608 358 1645 baec
371 1610 420 1653 srmt,
429 1607 458 1645 vel
470 1607 510 1656 ipso
525 1608 594 1645 Dallaco
605 1607 676 1656 judice:
695 1607 777 1644 “sedet

64 1654 138 1721 iiim
156 1668 206 1705 aliud
214 1668 260 1712 est,”
273 1668 339 1717 inqui,
349 1669 424 1705 “multo
433 1668 510 1716 gravius,
520 1668 569 1717 qnod
580 1668 629 1705 banc
640 1668 662 1705 de
674 1668 783 1716 Ignatianis.

64 1721 137 1789 ξξξέζὲῗο
155 1729 263 1778 particulam
277 1742 315 1766 non
327 1729 410 1774 auctoris,
425 1729 457 1765 sed
470 1729 546 1779 alicujus
560 1729 684 1765 alteriusesse
698 1729 776 1778 aa·guit.”

64 1798 144 1840 inspersum
157 1791 230 1827 “Grave
235 1791 247 1808 ”
257 1790 330 1838 quidem
337 1790 377 1836 boe,
387 1790 402 1827 si
410 1801 453 1827 vera
461 1789 503 1835 sint,
510 1801 549 1838 qnae
555 1789 636 1838 proximo
645 1789 704 1838 capite
713 1789 777 1827 asserit

63 1845 149 1902 {ffiffil
156 1850 280 1896 Adversarius,
294 1854 306 1872 “
312 1852 373 1887 locum
378 1851 390 1868 '¹
407 1863 479 1896 nempe,
493 1862 529 1896 qno
542 1850 640 1897 Ignatiana
652 1850 776 1895 nominantur,

63 1910 102 1945 laus,
157 1910 242 1959 “insigni
247 1909 342 1947 mendacio
351 1910 450 1948 deformem
459 1910 513 1948 esse''
523 1913 541 1947 ct
548 1921 588 1958 quae
596 1910 654 1957 capite
662 1910 721 1946 annui
730 1909 777 1958 pari-

156 1975 185 2007 ter
193 1971 275 2016 affirmat,
286 1974 297 1991 “
302 1971 398 2019 Polycarpi
403 1971 415 1989 ’'
424 1970 492 2007 scilicet
499 1973 511 2018 ἰ(
516 1970 564 2019 qnod
571 1970 646 2008 affertur
652 1970 777 2007 testimonium

157 2044 195 2068 esse
208 2031 323 2068 subdititium
339 2031 469 2080 mendacioque
483 2030 603 2079 inspersum.”
630 2031 689 2068 Graue
704 2030 778 2079 quidem

144 2092 226 2127 'crimen
239 2091 361 2135 mendacium,
375 2090 476 2138 praesertim
490 2090 505 2126 si
518 2090 590 2138 insigne
604 2090 639 2135 sit3
653 2103 713 2138 neque
725 2090 777 2127 video

159 2149 248 2197 quomodo
257 2149 338 2191 excusari
344 2150 414 2197 possint
427 2149 458 2196 qni
468 2149 573 2185 testimonio
586 2153 664 2185 utuntur
676 2154 715 2185 tam
728 2151 778 2198 gravi

159 2210 234 2248 crimine
248 2210 334 2259 insperso.
358 2209 403 2246 Non
417 2209 531 2257 negligenter
543 2209 600 2257 igitur
614 2210 732 2258 quaerendum
745 2214 777 2257 est,

158 2271 190 2309 ubi
203 2272 238 2309 hoc
251 2270 367 2309 mendacium
380 2269 458 2307 inveniri
470 2269 536 2318 possit:
549 2282 593 2306 narn
601 2274 655 2315 certe,
663 2274 685 2307 ut
697 2283 747 2308 nunc
759 2284 778 2308 se

157 2345 186 2370 res
194 2332 255 2377 babet,
265 2336 296 2369 aut
304 2331 325 2367 in
333 2331 437 2378 Polycarpo,
447 2330 507 2365 autin
515 2330 599 2373 Eusebio,
609 2334 640 2365 aut
648 2330 669 2365 in
676 2331 778 2378 impostore

158 2392 224 2440 aliquo,
233 2395 265 2428 aut
277 2391 298 2427 in
309 2390 435 2428 testimonium
444 2389 535 2433 afferente,
545 2392 576 2425 aut
584 2389 605 2425 in
612 2389 719 2438 repudiante
727 2403 778 2429 men-

158 2454 229 2490 dacium
238 2456 271 2490 est.

183 2514 244 2551 Primo
252 2514 309 2562 igitur
316 2501 355 2559 rios,
363 2513 394 2561 qui
402 2511 529 2550 testimoninm
537 2509 650 2560 proferimus,
659 2511 748 2560 nosipsos
756 2512 779 2551 ab

157 2576 192 2613 hoc
201 2576 276 2613 crimine
284 2579 346 2624 aperte
353 2574 475 2612 liberabimus.
488 2573 535 2611 Haeo
540 2571 596 2609 verba
601 2572 664 2609 Graece
673 2585 694 2608 ex
700 2573 779 2612 Eusebio

158 2637 196 2672 sine
204 2637 242 2671 ullo
252 2636 292 2671 dolo
300 2635 442 2682 transcribimus,
452 2634 503 2670 Hist.
511 2633 561 2669 Eccl.
571 2632 602 2668 lib.
609 2631 635 2669 iii.
645 2644 682 2681 cap.
690 2633 721 2672 36.
731 2685 733 2687 Ι
742 2633 779 2676 Τὰς

212 2714 218 2727 ³
228 2709 261 2748 Cap.
268 2710 290 2739 20.
297 2708 315 2739 ad
321 2709 345 2739 lin,
500 2706 506 2727 '³
516 2707 574 2738 'lertull
581 2707 618 2737 dds.
625 2707 669 2738 Marc,
676 2708 694 2739 ir.
701 2711 723 2738 29.
755 2748 757 2750 η
