1679 2935
122 200 165 236 111111
339 210 422 237 neironis
435 210 526 237 rnnrnrro

123 298 180 336 animi
197 299 225 336 sui
242 300 319 337 salutem
333 299 353 336 in
370 299 467 337 discrimen
483 301 550 348 ageret,
568 298 601 335 sub
614 297 659 335 falso
672 296 745 334 nomine

123 360 200 404 hortans
211 361 235 398 ad
243 361 306 407 officia,
316 373 355 409 quae
363 373 418 398 nemo
425 374 503 410 usquam
512 359 626 398 Christianus
632 358 745 407 abnegaret?

150 421 208 459 Taceo
224 422 301 470 suffugia
309 421 354 459 Viro
366 422 443 459 Erudito
459 422 541 471 indigua,
554 421 606 469 quale
617 423 645 457 est
660 419 709 468 quod
722 419 747 455 ait

125 482 219 520 nemiuem
228 482 263 520 sibi
272 482 359 532 quaerenti
368 483 441 520 obvium
449 483 509 528 fuisse,
519 481 550 532 qui
557 481 646 518 ,Pearsoni
653 480 748 518 Vindicius

125 544 248 592 perlegere-tm.
275 545 333 589 Certe,
346 548 367 580 ut
379 544 425 580 mihi
437 557 475 581 non
486 557 523 580 uno
536 542 617 591 eneniplo
630 545 747 590 compertum,

125 605 202 653 juvenes
220 605 336 649 Oxonienses,
354 604 410 641 etiam
427 604 458 652 qui
474 604 591 652 ignatianam
608 601 748 639 controversiam

127 666 189 703 minus
204 669 274 711 curant,
291 664 400 703 Dialectices
417 677 493 702 summae
508 663 655 702 exercitationem
672 676 694 700 ex
714 662 749 699 hoe

128 719 193 762 eximio
199 714 286 762 Tractatu
295 728 313 761 et
322 724 433 769 condiscunt,
441 728 459 761 et
465 725 508 761 dum
517 723 624 761 condiscunt
631 723 749 759 admirantur.

127 785 194 822 Virum
202 788 264 822 autem
269 783 401 830 Reverendum,
408 784 466 821 Genio
475 783 588 833 Ignorantia
596 783 651 820 nimis
657 783 749 829 fidentem,

128 847 218 883 Pearsono
232 858 242 881 a
255 858 274 882 16
287 845 362 881 minime
376 845 454 893 perlecto
468 845 583 891 obtrectasse,
596 845 617 881 in
626 844 693 881 notulis
706 844 750 881 meis

120 893 165 943 'nou
173 906 229 942 semel
238 904 365 942 demonstrari.
386 905 443 942 Taceo
451 905 499 952 quod
507 905 571 942 asserit
577 906 664 943 Pearsoni
671 906 750 942 rationes
759 897 760 900 ¹

127 966 176 1002 iuter
188 977 206 1001 se
217 977 308 1013 pugnare:
321 964 340 999 id
349 966 429 1012 probare,
440 977 478 1001 non
489 970 572 1009 asserere,
582 966 667 1012 oportuit.
693 967 751 1002 Taceo

129 1025 177 1075 quod
191 1025 216 1061 ait
229 1025 355 1074 Larroquium
368 1024 456 1061 miserum
468 1025 561 1061 hominem
576 1027 595 1060 et
607 1037 665 1061 causae
677 1038 714 1061 suae
722 1025 751 1062 vix

129 1086 229 1132 credulum,
238 1087 289 1134 cujus
299 1085 396 1122 “rationes
406 1085 526 1122 ersibilandas
534 1085 594 1133 potius
603 1097 657 1132 qnam
668 1085 752 1122 refellen-

130 1147 178 1185 das⁷¹
193 1147 318 1195 pronunciavit
332 1146 447 1194 gravissimus
464 1151 527 1184 auctor
541 1146 668 1195 Beveregiusss,
682 1146 752 1195 judicio

130 1209 217 1246 Virorum
222 1204 379 1252 Doctimimoruni,
386 1207 477 1244 Pearsono
484 1219 590 1258 responsum
599 1199 752 1244 absolutissimum¹

132 1268 206 1307 dedisse.
233 1269 290 1306 Taceo
299 1255 420 1305 cavillationes
428 1267 504 1316 ineptas,
515 1267 576 1316 quales
584 1280 643 1315 neque
652 1268 707 1305 audet
715 1268 753 1316 ipsc

88 1342 89 1345 ¹
101 1365 103 1367 ,
132 1334 193 1378 aperte
202 1330 287 1377 proferre,
297 1341 332 1366 nec
341 1329 435 1376 quisquam
442 1329 469 1364 vir
481 1329 540 1365 bouus
552 1341 603 1375 aequo
614 1329 675 1365 auimo
684 1333 753 1365 susten-

131 1388 190 1434 tabit;
204 1388 262 1437 qualis
275 1392 302 1425 est
311 1387 359 1436 quod
368 1388 463 1424 Usserium
472 1392 491 1424 et
499 1387 602 1424 Fabricium
614 1388 690 1424 Critieos
699 1388 753 1425 Pear-
793 1426 795 1431 ⁸

133 1462 178 1488 sono
194 1450 309 1495 valentiores,
325 1452 343 1485 et
363 1449 440 1486 fortasse
456 1449 536 1486 veritatis
557 1448 665 1485 amantiores
681 1453 733 1486 vocat
740 1457 753 1486 ⁰.

132 1511 196 1557 Longe
206 1509 258 1555 absit,
266 1512 288 1546 nt
297 1513 368 1557 egomet
376 1508 444 1545 famam
452 1507 559 1546 venerabilis
568 1508 638 1558 Usscrii
646 1508 675 1545 vel
688 1509 755 1557 egregii

132 1569 210 1608 Fabricii
226 1569 317 1606 minutam
329 1568 389 1615 uelim,
405 1582 482 1618 quornm
496 1573 572 1617 uterque
585 1568 608 1605 de
620 1569 694 1617 Ignatio
706 1569 754 1606 idem

132 1630 189 1668 sensit
198 1643 219 1666 ac
227 1631 333 1666 Pearsonus.
360 1629 396 1665 Sed
404 1642 481 1675 mecum,
491 1630 562 1674 Lector,
572 1629 626 1675 disce,
640 1629 684 1666 dum
696 1635 754 1678 potes,

133 1703 187 1740 quam
194 1691 246 1727 nullo
254 1691 329 1739 negotio
336 1690 369 1726 fiat
378 1690 462 1736 Oriticus,
469 1690 571 1727 silancibus
581 1694 599 1726 et
606 1691 678 1727 trutina
686 1691 756 1739 agenda

132 1764 160 1789 res
169 1752 198 1797 sit,
208 1752 223 1788 si
232 1764 254 1789 ex
261 1751 310 1788 mole
317 1750 406 1787 librorum
414 1751 475 1799 potius
484 1764 539 1799 quam
547 1751 617 1799 ingenii
629 1764 680 1797 rena,
694 1757 756 1789 aucto-

132 1824 172 1849 rem
179 1811 234 1848 liceat
243 1811 348 1858 expendere.
374 1810 432 1847 Taceo
441 1810 519 1858 denique
523 1810 620 1847 imbecillis
628 1811 685 1847 animi
693 1816 756 1848 contu-

133 1870 214 1914 meliam,
224 1882 279 1917 quain
287 1868 368 1905 indicare
377 1868 420 1904 satis
429 1872 491 1913 611111
499 1868 594 1905 Antistitis
601 1869 666 1917 Magni
674 1869 730 1907 uitam
738 1875 757 1907 et

134 1930 241 1967 memoriam
254 1928 354 1965 colentibus
368 1928 513 1976 indignationem
528 1941 566 1965 non
578 1929 617 1966 sine
628 1924 667 1967 risu
679 1943 757 1969 commo-

135 2002 192 2036 veam,
203 1989 252 2037 quod
264 1989 295 2033 ait,
305 1989 422 2034 Pearsonum,
432 1988 515 2025 doctrina
527 1989 600 2037 quidem
612 2002 650 2026 uon
661 1990 757 2027 immeren-

135 2055 179 2097 tem,
189 2050 221 2087 sed
229 2049 318 2096 factionis,
328 2047 357 2085 eui
365 2048 476 2095 inservierat,
485 2039 591 2097 patrocinia,
605 2051 628 2087 ad
639 2051 757 2101 Episcopatus

134 2113 156 2148 111
163 2111 245 2147 Ecclesia
252 2110 355 2157 Anglicaua
363 2110 471 2155 dignitatem
479 2110 534 2146 1111116
542 2115 663 2157 proveetuma

161 2171 223 2208 Redeo
232 2171 255 2208 ad
263 2183 285 2207 ea
293 2182 333 2219 quae
343 2169 417 2217 Syriaca
421 2168 495 2217 propius
503 2174 588 2218 tangrmt.
613 2172 677 2209 Fidem
686 2173 758 2211 Codicis

136 2231 217 2269 Medieei
225 2221 283 2268 elevat
291 2230 326 2267 Vir
335 2228 457 2273 Reverendus,
467 2230 515 2277 quod
526 2230 541 2267 ic
554 2231 630 2280 scriptus
641 2237 668 2269 est
676 2232 758 2281 plmibus
804 2261 805 2264 η

137 2288 207 2329 saeculis
221 2291 278 2328 serius
296 2301 350 2339 quam
367 2289 442 2326 Codices
457 2289 526 2339 Syriaci
531 2306 536 2337 ς
553 2291 656 2339 quasi'non
669 2292 760 2341 permulta

159 2404 166 2417 n
333 2399 341 2414 ,.
628 2400 630 2403 >
698 2402 701 2408 .

156 2399 399 2473 11111111111111.1.
419 2435 439 2464 c.
464 2402 760 2476 ttitcastdtltatlplattm

139 2473 266 2518 Β1111.Η1)61.11111.
282 2473 315 2503 Nic.
328 2472 413 2514 61111113Ι
426 2474 440 2501 61
465 2473 516 2505 Virum
527 2476 761 2513 116116111116111,1ο11616111]0.

139 2514 201 2542 1661111,
208 2521 238 2548 cap.
244 2513 255 2541 i.
262 2512 284 2541 14.
465 2521 504 2549 num,
514 2517 529 2544 ct
537 2515 606 2544 bonarum
612 2516 686 2544 literarum
692 2516 761 2551 suscepto·

158 2555 164 2569 ⁰
176 2549 217 2586 (lorp.
224 2550 256 2586 Igu.
263 2559 276 2587 p.
283 2549 319 2585 1111,
326 2550 378 2593 61311.
464 2559 499 2587 rem,
512 2553 593 2582 Gflbertum
603 2554 669 2588 Sheldon,
682 2561 725 2588 quam
735 2560 761 2581 nos

159 2593 165 2612 ¹²
175 2587 210 2617 Vid.
219 2587 259 2625 Corp.
270 2588 301 2624 Igu.
313 2595 326 2624 p.
336 2595 368 2631 1111.1
387 2587 441 2621 Quibus
465 2597 494 2618 non
500 2591 522 2620 ita
527 2591 583 2628 pridem
592 2591 664 2621 edidimus
673 2590 689 2618 iu
696 2589 737 2619 Pras.
744 2589 760 2619 ad

139 2626 195 2655 artibus
205 2626 441 2662 optimnsPearscuus,Jamannis
465 2626 532 2656 Pearscni
542 2629 578 2665 Opp.
591 2629 652 2657 Minora.
666 2628 711 2656 Onon.
721 2629 761 2655 1841.

140 2664 175 2693 salis
188 2666 241 2698 auctus,
247 2662 271 2691 ,ad
281 2662 383 2699 cpiscoporum
390 2662 441 2692 Gestu-
465 2664 492 2691 rol.
499 2666 508 2694 i,
516 2674 529 2702 p.
536 2666 573 2694 cxix.
