1747 2957
170 202 207 240 262
323 211 640 243 111110-010111111111111101101,
680 254 682 257 ι

173 304 300 355 conscripsisse
308 311 387 356 apparet,
395 306 426 356 qui
434 306 511 344 loannis
520 299 665 354 Scythopolitaui
673 302 746 336 aetatem
756 311 794 336 cer-

173 369 218 413 tam,
228 369 246 403 et
254 366 340 418 Dionysii
347 367 467 407 Alexandrini
478 367 572 410 incertam,
581 363 663 411 ideoque,
675 363 697 397 ut
709 359 795 397 credibile

174 430 208 471 est,
217 427 276 464 multo
287 429 361 477 longius
371 429 393 466 ab
406 429 438 465 illa
447 426 524 464 Maximi
536 427 631 468 remotam,
642 422 674 470 qui
687 422 796 458 Sanctorum

174 487 251 526 Patrum
259 489 306 526 sexti
314 490 375 528 saeculi
384 489 406 527 dc
413 500 455 527 vero
460 486 575 535 Areopagita,
585 487 604 522 11
612 483 689 522 aliorum
697 482 720 520 de
728 493 796 530 magno

176 551 195 584 et
208 549 267 586 Beato
281 549 371 599 Dionysio
384 549 500 595 seutentiam,
514 546 546 596 qui
558 545 627 594 reliqua
640 555 680 592 quae
694 542 717 579 (11
731 542 796 590 quinto

177 609 242 646 saeculo
257 609 371 656 adduximus,
387 610 418 658 qui
434 609 512 658 denique
526 607 583 644 MSS.
598 604 691 649 Codicum,
707 615 751 652 quos
766 602 797 639 alii

176 673 282 714 memorant,
298 673 317 705 et
333 683 387 717 quem
399 669 445 706 mihi
456 670 491 706 Vir
506 681 568 705 earnm
582 680 649 711 rernm,
665 665 709 701 dum
723 664 796 707 viveret,

176 728 314 765 callentissimus
325 730 406 777 mihique
418 729 532 766 carissimus&
541 740 579 765 uon
590 726 665 764 minoris
678 723 796 773 antiquitatis,

176 800 230 836 quarn
238 786 261 824 sit
271 788 391 837 Septuaginta
398 788 523 837 interpretum
528 788 549 824 in
554 787 668 824 Bibliotheca
677 785 732 834 Regis
739 783 798 821 nostri

176 848 243 895 Codex,
256 860 294 886 esse
307 849 389 894 asseruit,
403 852 513 887 vetustatem
525 847 602 893 noverit,
615 859 709 895 uunquam
721 846 760 884 haec
775 844 798 882 de

176 909 223 945 sexti
231 902 291 946 sacculi
300 909 380 947 editione
389 908 438 946 dicta
446 922 479 959 pro
488 908 621 954 demonstratis,
631 907 663 944 sed
670 905 798 943 tantummodo

175 982 208 1017 pro
216 982 267 1007 mera
277 983 299 1007 ex
311 970 415 1019 conjectura
426 974 481 1019 atque
493 973 618 1019 praeconcepta
631 968 715 1016 opinione
723 966 798 1015 prolatis

114 1064 116 1069 ,
175 1030 256 1066 habebit.
281 1030 339 1066 Nulla
350 1031 413 1077 itaque
425 1030 455 1066 hic
467 1029 605 1066 “ineluctabilis
619 1032 723 1075 temporum
735 1026 797 1063 ratio”

177 1088 230 1126 nobis
239 1088 298 1143 officit.
326 1088 409 1127 Secundo
415 1089 480 1139 inquit,
490 1089 545 1126 “Cur
554 1087 659 1138 Gregorius,
668 1087 684 1124 si
691 1086 727 1124 ista
735 1100 746 1124 a
753 1085 798 1124 Dio-

177 1150 230 1199 nysio
238 1139 285 1188 esset
293 1153 393 1196 mutuatus,
403 1153 496 1188 auctorem
503 1146 576 1198 ingrato
585 1148 657 1187 silentio
666 1147 799 1185 dissimularet?

179 1211 216 1247 Cur
224 1223 263 1248 non
271 1210 309 1259 ejus
319 1223 387 1248 nomen
400 1210 461 1248 ederet
474 1210 523 1259 apud
536 1222 598 1246 omues
606 1208 736 1247 venerabile?”
762 1208 799 1245 Re-

179 1270 258 1317 spondeo
266 1270 330 1318 primo,
339 1282 407 1307 nomen
419 1271 458 1319 ejus
469 1273 522 1307 aetate
531 1269 615 1318 Gregorii
625 1281 662 1306 non
671 1268 799 1305 1110111111-

177 1328 286 1376 bitalassa,
298 1330 436 1367 Nazianzenum
444 1344 487 1367 eum
492 1343 525 1380 pro
531 1329 689 1378 verohreopagita
696 1341 734 1376 non
743 1340 800 1376 agno-

178 1390 225 1427 visse
230 1404 235 1435 ;
245 1394 336 1427 auctorem
343 1403 405 1439 eoquo
414 1391 485 1439 scripsit
494 1390 559 1428 saeculo
564 1403 598 1439 pro
602 1390 640 1427 viro
647 1389 720 1437 quidem
726 1400 800 1437 magno,

179 1451 250 1488 sedsua
256 1450 289 1487 sub
298 1451 356 1487 alieno
364 1450 438 1487 nomine
445 1450 510 1487 edente
517 1454 611 1499 acceptum
617 1448 678 1486 fuisse.
693 1447 800 1497 Respondeo

179 1511 264 1556 secundo,
283 1511 420 1548 Nauianuenum
437 1511 532 1560 scriptores
550 1509 686 1547 Ecclesiasticos
706 1510 801 1546 nominare

178 1584 216 1609 non
229 1571 291 1617 solere,
305 1571 320 1608 si
332 1572 380 1609 forto
393 1583 455 1609 eorum
467 1571 566 1609 sententias
579 1571 663 1609 adducat.
690 1570 759 1607 Saltem
768 1582 802 1618 ego

179 1632 223 1667 dum
235 1631 284 1667 illius
296 1632 357 1679 Opera
366 1632 482 1680 pervolutavi,
495 1631 589 1668 neminem
599 1631 622 1668 ab
634 1643 655 1668 10
667 1642 690 1666 ex
703 1630 801 1667 Catholicis

178 1690 205 1727 ita
217 1690 334 1729 nominatum
340 1691 471 1729 animadverti.
498 1690 571 1741 Orphea
583 1690 662 1741 quidem,
672 1690 774 1728 Homerum
782 1693 801 1727 et

179 1753 288 1799 Hesiodum,
296 1753 426 1803 Pythagoram,
434 1753 554 1800 Herodotum,
562 1753 663 1791 Pindarum
671 1755 690 1790 et
699 1752 800 1799 Platonem,

175 1815 265 1862 'Aquilam
273 1813 328 1851 etiam
340 1818 395 1863 atque
406 1815 536 1863 Symmachum
548 1814 632 1851 nominat
636 1829 642 1860 5
656 1813 801 1852 Christianorum
864 1855 865 1859 Ἰ

179 1875 288 1922 scriptorum
304 1875 384 1919 uomina,
403 1874 473 1922 quoties
490 1886 554 1911 eorum
570 1874 630 1922 aliqua
646 1873 707 1918 refert,
725 1885 801 1921 semper,
840 1880 842 1883 '

179 1935 248 1982 opinor,
257 1934 329 1971 silentio
338 1934 440 1983 supprimit.
454 1936 467 1955 ’ί
473 1934 586 1982 lngratum”
595 1934 629 1971 hoc
638 1933 760 1970 “silentium''
768 1945 802 1980 ego

179 2006 217 2030 uon
225 1994 295 2042 appello
303 2009 306 2032 :
319 1997 388 2040 utatur,
394 2007 426 2042 per
434 2007 464 2031 me
470 1995 520 2040 licet,
528 2006 549 2031 10
556 1994 628 2031 dicendi
636 2006 702 2042 genere
711 1993 760 2042 quod
767 1992 802 2042 ipsi

180 2054 301 2101 maximopere
309 2055 398 2102 placebat,
407 2067 489 2092 summus
497 2056 569 2093 Orator.
586 2056 641 2093 Certe
649 2067 686 2092 uon
695 2055 753 2103 magis
759 2067 803 2102 erga

180 2112 291 2162 Dionysium
299 2126 354 2160 quam
362 2126 406 2161 erga
412 2114 491 2162 reliquos
498 2115 581 2162 ingratus
589 2115 630 2152 tuit.
655 2115 704 2151 llum
712 2115 762 2151 enim
769 2126 803 2163 pro

181 2186 232 2210 more
241 2185 273 2209 suo
279 2185 318 2209 non
326 2174 382 2210 semel
390 2174 534 2220 tacitonomine,
542 2178 564 2211 ut
572 2175 618 2211 mihi
626 2174 703 2220 videtur,
712 2175 803 2223 significa-

182 2233 214 2270 vit.
240 2233 287 2269 rum
298 2233 347 2269 enim
358 2233 445 2270 Oratione
456 2232 526 2270 xxxviii.
536 2233 556 2269 in
564 2234 685 2283 Theophania,
694 2238 735 2271 tum
747 2235 803 2272 etiam

28 2291 29 2294 ’
88 2300 158 2343 Lucusex
171 2293 248 2342 Ι11111111
262 2293 332 2329 Pascha
346 2293 385 2329 hacc
398 2292 454 2329 verba
467 2292 527 2337 habet,
542 2291 596 2329 Οὕτω
604 2292 637 2340 μὲν
645 2292 676 2330 οὖν
684 2293 708 2331 τὰ
716 2293 760 2341 htyaa
767 2296 804 2331 cdv

88 2337 177 2405 ffizfflffi
183 2349 245 2399 aalma,
254 2348 267 2387 11
275 2347 306 2387 καὶ
312 2351 349 2391 τοῖς
355 2347 439 2401 Σεραφὶμ
447 2347 596 2398 cvyauhdrrrerar
604 2349 635 2389 111
643 2348 735 2399 δοξάζεται
743 2351 805 2403 τρισὶιι

89 2413 161 2458 'theopba-
184 2410 281 2460 ἁιγιασμοῖς
290 2410 314 2451 εἰς
321 2410 365 2459 μίαν
374 2412 457 2448 συνιοῦσι
466 2408 562 2460 κυριότητα
569 2409 687 2459 caterbam,
695 2411 705 2450 ὃ
714 2412 745 2450 καὶ
751 2412 805 2462 ἄλλῳ

88 2451 154 2525 fflgi
183 2471 219 2509 τινὶ
223 2473 259 2509 τῶν
266 2470 302 2521 πρὸ
309 2470 360 2520 ἡμῶν
368 2469 517 2521 πεφιλοσόφηται
523 2470 615 2510 κάλλιστά
624 2487 644 2511 τε
652 2471 804 2522 καὶῦψηλότιιτιι.
822 2516 825 2523 ‚

199 2596 207 2615 1
215 2590 274 2619 Alludit
279 2591 337 2620 fortasse
345 2592 364 2620 ad
369 2593 428 2620 fratrem
434 2601 480 2628 suum,
505 2600 542 2620 anno
549 2592 589 2627 1670,
596 2596 672 2621 mortuum.
691 2594 720 2622 Vir
728 2596 759 2622 erat
767 2594 805 2626 bene

181 2623 260 2656 Ricardhm
269 2627 359 2665 Pearscnum,
367 2629 427 2666 Collegit
437 2630 481 2666 Bega
504 2629 574 2664 literatus,
587 2632 601 2658 ct
612 2632 637 2667 qui
649 2631 666 2659 iu
674 2630 734 2660 edendis
746 2631 805 2660 Criticis

181 2665 342 2702 hierarchicarum,
351 2676 381 2697 non
390 2667 411 2696 ita
419 2667 480 2704 pridem,
506 2666 804 2707 51111111111111011011111111111111111.
