1679 2935
284 186 393 215 TESTIMONIA
405 186 485 215 Sl'lllAUA.
672 181 695 219 95

75 293 150 322 οιτοττος,
167 278 190 320 cis
207 279 243 330 ἄρα
260 279 291 318 τὸν
307 280 389 333 ἄρχοντα
402 282 434 318 τοῦ
452 279 515 319 additos
532 278 596 317 τούτου
609 277 698 328 diradare}

75 341 166 391 παρθευίο
178 341 257 393 Μαρίας,
272 341 322 389 καὶὴ
331 344 362 379 τοῦ
371 342 456 393 Σωτῆρος
469 341 489 389 ἐξ
497 341 551 389 αὐτῆς
559 340 635 389 γένεσις·
649 340 700 388 λέγει

77 400 96 438 δὲ
104 403 164 444 οὕτως·
174 402 212 440 Kal
220 401 276 439 ἔλαθε
283 402 313 440 τὸν
321 402 404 455 ἄρχοντα
410 404 442 440 τοῦ
450 402 513 443 αἰῶνος
522 401 586 440 τούτου
593 402 605 451 ἡ
611 402 701 454 πορθευίο

77 465 157 516 Μαρίας,
175 463 206 500 καὶ
222 463 232 500 ὁ
249 463 321 504 τοκετὸς
337 462 397 511 αὐτῆς,
415 463 480 511 ὁμοίως
498 464 529 500 καὶ
546 463 555 500 ὁ
573 463 650 504 θάνατος
667 465 699 499 τοῦ

77 527 165 576 Χριστοῦ·
186 523 229 574 spic
253 523 345 574 ρυοτήριο
360 526 443 574 κρουψῆς,
461 523 514 562 ἅτινα
531 524 550 561 ἐν
565 523 636 576 ἡσυχίᾳ
653 525 700 561 Θεοῦ

77 585 166 639 ἐπράχθη.

103 651 155 687 Inter
167 648 272 685 testimonia
285 647 345 696 quinti
357 648 418 685 saeculi
431 647 566 685 adnumeranda
579 653 607 686 est
616 649 700 699 Synodus

79 711 183 756 Orientalis
200 711 241 747 circ.
259 718 294 747 nn.
309 710 351 756 435,
367 709 419 758 eujus
436 708 511 747 nominc
524 710 625 758 Epistolnm
637 710 701 748 Proclo

78 771 280 819 Constantinopolitano
301 770 373 819 scripsit
391 771 471 807 Joanncs
487 771 547 819 Episc.
564 771 699 816 Antiochensis,

78 833 132 879 prout
147 843 169 866 en
186 828 420 881 FacundolHernnianensi
437 829 528 875 discimus,
545 829 576 865 lib.
583 829 620 866 viii.
636 843 673 879 cap.
684 831 700 876 1,

79 891 170 928 Theodori
178 889 330 939 Mopsuestiensis
339 901 412 942 causam
421 889 516 926 sustinens.
538 890 571 925 'En
579 889 613 926 hac
621 890 702 939 Epistola

78 956 129 1000 patet
138 951 207 1000 Ignatii
216 950 283 999 scripta
291 953 337 987 tune
345 949 433 998 temporis
445 950 489 986 sutis
499 953 544 987 nota
553 950 645 987 exstitisse
653 951 701 988 inter

79 1013 213 1050 Antiochenses
222 1024 275 1049 snos:
290 1014 301 1032 “
306 1011 399 1056 Etenim,”
410 1012 466 1056 aiunt,
477 1011 543 1059 “apud
555 1025 642 1060 magnum
651 1013 701 1049 Mar-

79 1077 139 1123 tyrern
156 1073 256 1122 Ignatium,
273 1072 304 1121 qui
321 1071 411 1108 secundus
426 1076 468 1120 post
484 1072 560 1108 Petrum
573 1072 702 1121 Apostolorum

79 1136 159 1182 priunum
176 1134 297 1170 Antiochense
314 1132 363 1168 sedis
382 1132 472 1168 ordinant
488 1132 594 1179 Ecclesium,
616 1137 635 1169 et
655 1135 704 1182 apud

80 1195 205 1231 beatissimum
218 1193 342 1239 Eustathium,
354 1193 385 1241 qui
399 1194 508 1229 Sanctorum
519 1194 600 1240 Petrum,
613 1194 644 1242 qui
657 1195 705 1242 apud

80 1255 163 1291 Nicueam
170 1253 275 1302 congregati
284 1256 332 1298 sunt,
342 1252 412 1301 primus
421 1252 514 1298 exsistens,
523 1253 578 1290 fidem
586 1254 704 1291 orthodoxam

82 1314 201 1361 confirmant,
220 1318 238 1350 ct
252 1313 300 1363 apud
317 1313 452 1350 sanctissimum
470 1316 488 1350 et
504 1314 630 1351 beatissimum
647 1315 704 1353 Atha·

81 1376 157 1422 nasium,
171 1375 202 1423 qui
213 1375 270 1412 millia
283 1374 363 1411 millium
372 1374 493 1411 certaminum
502 1386 534 1423 pro
543 1375 651 1424 evangehcis
660 1375 703 1424 dog·
738 1413 741 1423 ζ

81 1436 161 1472 mutibus
174 1449 238 1483 passus
252 1438 289 1480 est;
303 1435 378 1472 adhaec
391 1438 409 1471 et
423 1435 470 1484 apud
481 1435 569 1473 Basilium
580 1439 598 1472 et
606 1440 704 1485 utrumque

83 1496 197 1544 Gregorium,
207 1496 239 1545 qui
250 1496 332 1544 ejusdem
347 1496 443 1533 sententiae
455 1496 535 1541 fuerunt,
547 1500 565 1533 et
576 1496 626 1544 apud
636 1497 704 1534 beatis-

82 1556 148 1592 simum
157 1556 270 1601 Flavianum,
280 1555 387 1602 Diodorum,
397 1559 415 1592 et
425 1557 436 1592 J
437 1568 515 1592 oannem
527 1556 701 1606 [Chrysostomnrn]

83 1617 113 1664 qui
124 1617 172 1654 clera
179 1616 277 1654 luminaria
286 1616 367 1655 Orientis
375 1617 451 1653 fuerunt
460 1617 527 1654 totius:
542 1630 603 1655 rursus
616 1621 676 1655 autern
686 1623 704 1656 et

82 1677 130 1725 apud
142 1677 271 1715 beatissimum
276 1676 399 1722 Ambrosium,
412 1677 443 1725 qui
456 1691 519 1715 omnes
531 1683 592 1726 partes
606 1680 704 1728 Hesperias

82 1738 184 1784 illustravit,
197 1741 216 1775 et
228 1738 277 1786 apud
289 1737 415 1775 beatissimum
428 1738 583 1787 Amphilochium,
598 1739 704 1788 probatissi-

83 1812 134 1836 mum
147 1799 240 1836 doctorem
245 1814 250 1845 i
268 1810 341 1836 necnon
357 1802 376 1835 et
393 1799 441 1847 apud
457 1799 532 1837 beatum
547 1796 636 1846 Atticum,
651 1804 705 1838 tuum

82 1863 159 1907 patrem,
168 1862 187 1895 et
196 1859 244 1907 apud
255 1859 300 1896 ahos
310 1859 372 1896 decem
384 1859 446 1903 millia,
456 1863 477 1896 ut
489 1873 527 1897 non
540 1861 620 1907 singulos
632 1874 705 1908 percur-

82 1931 261 1963 rarnns3—consona
275 1918 363 1967 decerptis
376 1918 404 1955 his
417 1918 500 1972 capitulis
511 1919 624 1956 invenimus:
639 1920 705 1968 quibus

84 1980 241 2017 anathematizatis
255 1991 328 2016 necesse
341 1982 368 2017 est
383 1982 401 2016 et
413 1991 434 2016 ea
447 1991 487 2028 quae
499 1993 510 2017 a
522 1979 611 2029 praedictis
619 1980 704 2025 Patribus

84 2043 127 2078 sunt
137 2039 185 2077 dicta
193 2039 307 2089 complecti.”

108 2101 193 2139 restibus
202 2101 248 2139 senti
256 2100 318 2139 saeeuli
325 2101 407 2139 ineuntis
416 2101 527 2150 adjungendi
536 2105 585 2148 sunt,
595 2115 617 2140 en
626 2101 705 2152 Syriacis

86 2163 208 2210 Fragmentis,
218 2176 258 2211 quae
266 2175 324 2211 nuper
333 2162 390 2200 edidit
398 2162 513 2200 doctissimus
527 2163 635 2210 Cirnetonns,
646 2163 705 2212 dispo-

85 2224 122 2260 suit
136 2224 157 2259 in
169 2223 225 2259 Notis
239 2223 277 2259 suis
291 2222 314 2259 ad
328 2223 423 2271 ignatium
437 2223 552 2260 doctissimus
566 2224 705 2269 Petermaunus,

86 2282 201 2320 Sevcrusille
208 2283 294 2331 Syrorum
304 2283 314 2319 J
316 2282 428 2320 ecchitarum
438 2283 549 2330 Petulantia,
556 2284 587 2332 qui
595 2297 638 2320 cum
646 2283 707 2320 sedem

85 2342 219 2381 Antiochenam
236 2347 340 2392 occupasset
357 2344 380 2381 ab
397 2353 438 2384 no,
448 2345 484 2382 512
498 2345 521 2381 ad
537 2354 576 2382 nu.
586 2346 627 2391 518,
642 2344 706 2381 deinde

86 2404 176 2453 expulsus,
185 2408 227 2452 post
234 2404 292 2442 uarias
300 2404 348 2441 vices
357 2412 401 2453 quas
410 2406 430 2442 in
438 2406 520 2455 AEgypto
529 2409 547 2443 et
556 2406 604 2455 apud
617 2405 707 2442 Constan-

86 2466 177 2513 tinopolin
196 2465 270 2511 adierat,
287 2466 362 2503 tandem
383 2467 486 2503 Antiochiee
503 2470 586 2503 mortuus
605 2469 639 2511 est,
658 2470 706 2504 teste

87 2525 209 2573 Abulfaragio,
217 2533 234 2561 A.
240 2533 257 2561 D.
265 2525 302 2563 539
307 2539 319 2569 ;⁴
326 2528 344 2561 et
353 2516 464 2570 Timotheus,
479 2524 560 2574 ejusdem
573 2529 627 2563 sectae
639 2526 705 2572 fautor,

85 2583 185 2637 Episcopus
194 2584 333 2623 Alexandrinus.
464 2629 466 2632 ἱ

58 2672 60 2674 v
111 2644 180 2692 ignatii
188 2646 280 2694 Epistolas
289 2647 334 2684 citat
342 2646 407 2695 saepius
417 2647 493 2686 Severus
505 2647 526 2686 in
534 2648 590 2686 Libro
603 2649 633 2685 cui
642 2649 705 2685 titulus
