1679 2935
98 202 123 238 sii
320 214 402 242 neruosus
415 214 506 242 ramsmro

100 302 166 351 quibus
177 304 208 342 ille
216 306 328 352 vrdnerihus,
338 306 433 343 restituere
442 318 461 343 se
469 305 643 355 professusveravit
651 302 724 351 iterum,

100 364 180 412 detrivit,
194 367 315 412 detruncavit,
327 368 404 418 projecit
418 367 495 417 denique
506 367 554 405 inter
566 367 643 405 molares
656 366 724 404 Tabie-

101 427 191 474 gensium,
201 429 294 465 mitiorum
303 428 379 466 fortasse
388 429 504 473 Critieorum,
511 422 655 465 conteienaarf’

127 486 165 524 (tui
172 487 229 535 igitur
237 488 284 525 hano
290 488 338 525 tanti
346 488 387 525 Viri
395 488 477 525 unrhram
488 501 520 538 pro
528 487 611 537 praesidio
619 491 683 525 nactus
692 492 725 531 est,

101 546 174 595 frigoris
183 547 234 595 opaci
243 548 307 584 solatio
316 560 348 596 per
358 560 388 584 me
395 548 468 596 quidem
476 548 553 585 fruatur.
579 548 612 584 nst
621 546 670 584 enim
679 547 726 595 ejus-

102 607 158 653 modi,
168 608 216 656 quod
223 608 266 645 olim
276 608 339 645 solatio
348 608 383 645 fuit
392 608 440 656 apud
448 608 513 645 inritos
522 608 613 645 auditores
622 608 694 656 agenti:
724 648 725 651 ,

269 698 307 727 Satis
313 700 335 727 est
341 698 409 734 Equitem
415 697 452 726 mihi
458 698 530 734 plaudere,
538 700 554 726 ut
560 698 610 734 audax,

233 745 313 774 (iontemtis
319 745 355 780 aliis,
361 745 419 782 explosa
425 745 505 774 Arbuscula
511 745 553 774 dixit.

103 835 136 871 Ait
145 833 212 870 seilicet
217 834 252 871 Vir
257 833 341 879 Illustris,
349 835 409 871 nescio
416 827 452 884 qno
460 847 533 872 rumore
541 846 654 884 praepropere
663 834 726 880 fretus,

104 898 116 914 “
122 896 223 932 Porsonum
231 895 285 930 nihili
293 894 393 930 aestimasse
401 895 611 941 argnmentaPearsoni:
625 895 727 932 Personam

102 967 142 992 rem
151 957 209 991 totam
218 953 329 1002 expendisse,
343 957 397 1004 prout
406 953 449 991 alias
458 954 575 990 multimodas
585 955 693 1002 quaestiones
705 955 728 992 ad

103 1015 152 1052 Novi
169 1014 249 1051 lloederis
265 1013 348 1051 criticam
360 1014 447 1051 notitiam
464 1018 567 1063 spectantes
574 1014 615 1059 ‘³3’,
626 1014 729 1052 Traditioni

104 1089 142 1112 non
158 1076 229 1122 scriptae
241 1075 297 1110 fidem
310 1078 382 1110 tantam
396 1075 459 1123 largiri
472 1075 572 1122 Religionis
585 1075 700 1121 Reformatae,
710 1078 729 1112 et

105 1136 169 1188 adhuc
179 1135 202 1172 ad
214 1135 314 1183 imaginem
326 1134 392 1172 Seeouli
404 1134 470 1171 aaran
482 1134 607 1181 reformandae,
620 1136 729 1172 acerrimum

104 1196 264 1245 propugnatorem,
281 1196 400 1245 proculdubio
413 1196 491 1233 mireris.
518 1196 555 1233 Sed
568 1196 653 1246 quoniam
666 1197 729 1236 Tradi-

105 1258 161 1296 tionis
170 1261 237 1295 natura
244 1258 271 1295 ita
279 1261 383 1306 comparata
391 1261 424 1302 est,
433 1261 455 1294 ut
462 1257 510 1294 nihil
517 1257 582 1305 perdat
591 1258 635 1294 dum
643 1258 728 1304 traditur,

105 1319 152 1355 milii
165 1316 213 1355 cura?
225 1318 266 1362 luit,
279 1322 297 1354 et
311 1318 393 1366 contigit,
402 1322 424 1354 ut
437 1319 460 1354 ad
474 1318 519 1355 duos
532 1318 698 1356 Reverendissimos
711 1323 730 1356 et

106 1379 188 1428 apprime
202 1379 265 1415 doctos
280 1378 370 1414 Praesules
384 1377 501 1426 Anglicanos,
515 1378 651 1416 Londinensem
664 1379 729 1424 milet

107 1436 261 1481 lincolniensem,
271 1436 294 1472 de
304 1436 414 1473 Traditionis
427 1436 503 1484 hujusce
514 1435 595 1473 fontibus
608 1449 730 1484 provocarem.

106 1496 213 1534 Venerandi
224 1496 244 1533 lri
256 1496 326 1542 Patres,
336 1495 367 1544 qui
380 1495 421 1532 cum
434 1496 515 1533 Porsone
527 1495 567 1533 vivo
579 1500 656 1544 uterque
664 1496 730 1534 versati

107 1561 155 1603 sunt,
170 1557 216 1592 mihi
230 1556 358 1593 confirmavere
372 1556 439 1593 fabulae
451 1555 540 1607 originem
554 1559 613 1593 totam
626 1569 670 1601 esse,
683 1557 731 1606 qnod

106 1616 163 1654 semel
177 1617 275 1660 Personas,
291 1629 333 1653 cum
347 1615 392 1652 Viro
406 1617 450 1652 Rev.
463 1616 544 1653 Roberto
558 1616 649 1664 Hodgson
661 1618 730 1654 Green-
784 1631 786 1635 ⁴

106 1678 164 1722 vvood,
178 1676 254 1724 Collegii
268 1677 391 1713 Sanctissimae
403 1677 498 1712 Trinitatis
511 1676 560 1724 apud
572 1677 731 1725 Cantabrigienses

107 1737 165 1784 Sooio,
172 1736 229 1774 otiose
236 1737 341 1783 collocutus,
351 1736 470 1783 dixit-non,
478 1737 526 1784 quod
535 1738 560 1773 ait
566 1737 600 1773 Vir
608 1737 731 1784 Reverendus,

105 1797 178 1849 Equitis
192 1797 272 1835 illustris
285 1797 367 1846 vestigiis
379 1796 471 1843 insistens,
481 1797 586 1834 “Peersoui
598 1799 648 1846 Opus
661 1799 731 1836 nemini

106 1873 159 1909 posse
172 1859 275 1897 satisfacere
281 1859 365 1904 ¹,’'—sed
374 1861 385 1878 “
390 1859 502 1895 Pearsonum
515 1858 536 1894 in
544 1858 633 1895 Vindiciis
646 1859 680 1895 sibi
693 1873 732 1896 non

107 1921 180 1969 penitus
197 1919 323 1954 satisfecisse?
350 1919 396 1955 Haeo
410 1930 467 1966 quum
480 1918 571 1954 referebat
584 1918 731 1966 Greenvvoodius,

108 1985 129 2018 ut
143 1982 182 2017 erat
190 1979 218 2015 vir
226 1978 308 2015 veritatis
317 1991 386 2024 amans,
396 1978 462 2015 addere
474 1978 549 2023 solebat,
559 1982 570 1998 “
576 1980 678 2016 Porsonum
686 1980 733 2017 nihii

107 2040 185 2077 ulterius
198 2039 269 2083 dixisse,
279 2051 314 2085 quo
329 2051 347 2074 se
360 2037 476 2085 explicaren³²
501 2039 598 2074 Possumus
611 2039 672 2087 igitur,
681 2041 733 2077 nulla

109 2098 186 2137 Porsoni
202 2097 274 2147 injuria,
288 2097 379 2143 arbitrari,
394 2097 483 2134 Oritioum
499 2097 550 2134 himo
565 2110 647 2144 sagacem
664 2099 733 2148 aliquid

108 2159 165 2209 planis
175 2159 290 2205 desiderasse,
300 2170 335 2208 quo
344 2157 431 2194 Pearsorn'
439 2162 569 2206 argumentum
580 2157 733 2197 absolutissimum

108 2223 165 2266 fieret,
174 2221 225 2257 nullo
239 2221 293 2257 modo
305 2220 325 2257 id
337 2219 408 2256 “nihili
416 2219 533 2255 aestimasse?
559 2219 588 2256 De
597 2231 667 2256 summa
676 2233 732 2273 quaes-

109 2283 159 2321 tione
169 2282 296 2331 quidsenserit
308 2282 406 2326 Porsonus,
417 2280 465 2318 nihil
477 2280 497 2316 in
510 2280 616 2316 alterutram
628 2285 699 2328 partem
712 2295 734 2319 ex

111 2343 237 2382 Greenrvoodii
251 2343 356 2380 narratione
368 2341 494 2391 judicandmn.
521 2340 571 2378 aare
587 2341 610 2377 ad
625 2354 665 2378 rem
679 2343 734 2380 faciat

110 2404 188 2442 Personi
200 2403 300 2450 diligentia,
310 2403 440 2451 qualiscunque
452 2401 513 2446 fuerit,
522 2401 543 2437 in
552 2401 698 2448 “quaestionibus
711 2404 734 2440 ad

102 2464 160 2502 ·Novi
168 2463 248 2501 Foederis
256 2462 341 2500 notitiam
350 2461 493 2512 spectantibus,”
501 2460 586 2509 equidem
593 2472 632 2498 non
639 2461 696 2499 video.

122 2599 128 2618 1²
136 2592 205 2624 VideDie
210 2592 327 2629 ignatianiselren
331 2572 412 2621 Brieleirnd
433 2614 435 2616 »
455 2597 462 2615 ‘l
471 2591 536 2628 ignatius
542 2600 570 2621 von
576 2591 669 2628 Antiochien,
674 2594 691 2623 ut
697 2602 734 2632 supr.

109 2631 327 2662 ihrnenest‘orliritiker.Von
337 2630 412 2659 nard.
437 2631 489 2667 ΡΜ).
636 2649 638 2654 .

83 2681 85 2683 ’
109 2672 152 2701 Baur.
169 2669 249 2706 vaihingen.
257 2670 297 2697 1848.
456 2673 461 2687 ¹
471 2667 512 2704 (torp.
519 2668 551 2705 ign.
558 2667 599 2697 Praei.
607 2676 630 2705 pp.
637 2668 666 2697 xiv.
673 2679 696 2699 xv.
