1679 2935
307 201 418 228 1110111011.
480 211 481 214 =
640 193 676 231 269

2 325 5 341 3.
55 298 105 342 vidit,
115 298 146 331 aut
154 293 175 329 in
181 305 213 328 sua
218 291 333 328 Bibliotheca
341 304 379 326 non
387 290 457 335 habuit,
462 290 511 325 illius
518 292 581 325 tamen
585 290 614 326 vel
622 291 677 325 etiam

0 399 2 401 ,
56 357 134 409 plurium
142 352 232 402 ignoratio
242 351 312 387 efficere
322 362 360 387 non
372 353 437 399 potest,
446 353 468 386 ut
477 350 525 399 quod
533 350 555 386 ab
565 350 604 392 aliis
612 350 676 395 visiun,

0 427 4 462 j
56 420 128 461 lectum,
138 419 156 451 et
164 415 272 460 usurpatum
279 411 321 457 fuit,
330 411 350 447 id
359 411 433 454 omnino
441 423 480 448 non
488 414 541 448 esset.
560 411 607 448 Cum
616 414 678 448 autem

55 480 93 528 jain
101 474 169 524 liquido
180 475 264 520 appareat
272 471 344 508 nullum
355 471 376 507 in
388 471 473 519 praesenti
484 471 558 519 negotio
571 475 678 520 ar‘gumento

57 535 131 584 neganti
143 534 203 570 locum
214 543 252 567 esse
258 546 262 575 ;
276 531 323 567 illud
331 531 425 575 “unum'’
433 534 455 566 ut
464 531 522 567 voluit
534 532 620 576 Dallaeus,
629 543 679 567 nunc

4 627 6 636 ,-
57 600 118 642 restat,
131 598 152 631 ut
164 604 251 640 negemus
262 592 360 639 Ignatiana
372 591 415 628 viris
428 595 447 628 et
457 591 543 628 Eoclesiis
558 591 679 632 celeberrimis

57 659 112 705 fuisse
121 656 188 703 ignota,
198 656 216 689 et
225 653 333 701 conjecturis
343 653 381 702 ejus
389 653 536 702 respondeamus,
548 652 613 701 quibus
622 652 679 688 fretus

0 708 6 745 Ῐ
60 732 80 755 ea
89 715 163 754 asseruit
172 726 211 762 qnae
219 713 257 761 ipse
266 714 368 758 certissime!
372 714 468 762 ignoravit.
494 715 519 751 Et
528 714 550 751 ab
559 714 630 751 Irenaeo
639 714 678 762 qui-

1 776 4 778 *
60 779 100 815 dem
109 775 183 820 orditur,
193 774 215 810 de
224 787 259 822 quo
268 774 339 823 copiose
351 771 431 823 disputat
436 791 441 820 ;
455 775 487 812 sed
495 788 517 812 ea
529 775 590 812 omnia
598 787 631 811 suo
639 775 679 811 loco

4 1118 5 1121 ,
62 1079 103 1116 satis
112 1091 134 1114 ex
143 1076 220 1126 quadam
233 1077 321 1126 singulari
332 1077 381 1114 illius
390 1077 475 1114 Ecclesiae
482 1077 581 1119 traditione
590 1081 652 1114 consta
663 1077 679 1113 .''
688 1076 735 1105 0¹2&ae

0 1134 2 1158 1
61 1141 86 1177 Et
96 1151 138 1175 sanc
151 1142 222 1175 constet
235 1138 330 1186 Ignatium
344 1142 427 1175 nostrum
435 1138 564 1176 Alexandrinis
577 1151 614 1175 non
626 1138 681 1174 fixisse
689 1153 739 1181 artua.

0 834 4 853 '³
60 836 180 874 refutavimus.
206 834 236 871 Ab
245 834 315 871 Irenaeo
328 838 390 874 autem-
401 834 467 871 transit
480 835 502 871 ab
515 835 615 871 Ecclesiam
624 835 679 871 Alex-

1 888 2 891 *
61 897 160 936 andrinam.

2 1002 4 1004 ,
87 955 126 1005 (Il.)
142 957 154 975 “
162 954 197 992 Sed
205 966 265 1003 neque
273 954 421 1000 Alexandrinis?
430 954 490 1003 inquit
499 955 557 1003 capite
565 954 595 992 vii.
605 956 616 974 “
621 954 680 991 notio·
687 962 767 997 Argumen-

2 1008 5 1040 ἶ
60 1012 166 1065 remquam
180 1016 250 1053 Ircnaeo
263 1019 281 1052 et
294 1016 367 1053 Asianis
379 1016 434 1053 fnisse
446 1016 568 1065 Epistolicum
580 1016 680 1064 Ignatium,
687 999 758 1066 ffffie,

688 1115 751 1144 Alexan-

0 1194 4 1235 ss
61 1198 150 1242 notiorem
160 1210 213 1245 quam
222 1197 292 1242 Irenaeo
301 1201 320 1233 et
328 1197 410 1234 Asianis:
421 1197 484 1233 notior
496 1197 546 1233 enim
554 1196 682 1234 Alexandrinis

0 1260 3 1289 ἶ-
63 1261 93 1295 aut
102 1257 141 1293 aliis
149 1257 287 1305 qmbuscunque
299 1270 338 1293 esse
346 1271 384 1293 11011
391 1257 458 1305 potuit,
467 1270 509 1293 cum
517 1256 553 1293 illis
561 1257 617 1293 fuerit
625 1256 682 1293 notis-

0 1363 2 1365 *
63 1319 123 1355 simus.
149 1318 184 1355 Pro
198 1318 299 1355 Athanasio
313 1317 394 1366 loquitur
409 1317 503 1364 sente-ntia
514 1330 568 1367 quam
583 1317 682 1366 excerpsit;

63 1393 94 1428 pro
100 1379 172 1416 Asianis
178 1378 260 1427 Epistola
265 1379 360 1428 Polycarpi
367 1391 400 1426 per
408 1382 436 1415 tot
445 1379 510 1415 saecula
518 1378 566 1427 apud
573 1378 622 1427 ipsos
630 1378 683 1415 lecta.

0 1466 2 1468 v
65 1438 100 1475 Sed
109 1441 120 1458 “
127 1441 155 1475 cst
167 1438 206 1475 haec
217 1438 317 1483 doctrina,”
326 1437 392 1485 inquit,
402 1440 414 1457 “
420 1438 442 1475 ab
454 1437 528 1485 ignatio
540 1437 637 1483 inculcata,
646 1450 684 1478 non
731 1436 735 1447 ²

62 1500 115 1551 ‚aliter
123 1512 177 1548 quam
184 1500 206 1536 ab
211 1512 249 1536 uuo
254 1500 343 1548 Episcopo
351 1499 461 1548 preshyteris
469 1499 577 1547 praesidente
585 1499 624 1547 regi
632 1511 685 1547 posse

0 1593 2 1601 2
65 1573 85 1597 ac
97 1560 162 1597 dehere
175 1561 255 1609 singulas
270 1560 338 1598 Christi
347 1560 455 1605 Ecclesias.'’
481 1560 510 1596 De
521 1559 629 1608 “singulis'’
638 1559 685 1595 nihil

66 1620 110 1658 dixit
117 1621 208 1670 Ignatius,
217 1625 235 1658 ct
243 1625 303 1670 potest
311 1622 331 1658 111
341 1633 362 1657 ea
370 1633 413 1658 voce
424 1620 491 1669 aliquid
502 1620 564 1667 latere,
572 1621 603 1657 sed
612 1621 628 1657 si
636 1624 685 1657 recte

65 1682 181 1729 intelligatur,
197 1695 218 1719 ea
235 1687 283 1719 certe
297 1682 367 1729 Ignatii
384 1682 466 1719 doctrina
482 1682 523 1727 fuit,
539 1685 563 1727 et,
577 1686 599 1718 ut
613 1682 684 1729 opinor,

66 1740 194 1789 Apostolorum
211 1741 298 1790 discipulo
311 1745 330 1778 et
344 1742 433 1791 Episcopo
448 1741 559 1790 dignissima.
585 1740 616 1778 An
624 1744 686 1778 autem

66 1802 103 1838 haec
120 1803 203 1840 doctrina
219 1804 347 1848 Alexandrinis
365 1807 403 1840 erat
420 1803 519 1851 incognita,
535 1806 557 1839 ut
571 1803 615 1839 inde
632 1803 687 1839 etiam

67 1864 162 1911 lgnatium
177 1865 200 1901 iis
216 1866 289 1913 penitus
307 1865 392 1913 ignotum
408 1864 464 1900 fuisse
482 1864 600 1912 colligamus?
634 1864 687 1899 Nihil

67 1924 131 1962 minus
153 1927 177 1962 In
185 1926 237 1962 nulla
244 1938 325 1975 unquam
333 1924 414 1962 Ecclesia
421 1924 479 1972 magis
487 1928 560 1972 recepta
568 1927 586 1960 et
595 1923 688 1960 observata

68 1989 95 2020 est
102 1986 141 2022 haec
150 1987 237 2031 doctrina,
247 1988 330 2033 quamin
334 1986 463 2021 Alexandrina.
488 1975 597 2026 Nullasunt
606 1986 688 2029 certiora,

61 2048 100 2083 ¹aut
108 2046 165 2096 magis
174 2047 223 2098 apud
231 2059 293 2085 omnes
301 2046 324 2089 in,
330 2046 410 2085 confesso
420 2047 544 2091 monumenta,
554 2057 609 2094 quam
618 2057 658 2100 quae
667 2045 689 2083 de

70 2104 149 2145 Ecclesia
166 2108 291 2147 Alexandrina
306 2107 378 2157 prodita
395 2111 443 2145 sunt.
471 2105 527 2144 Unde
543 2106 578 2144 Vir
593 2105 688 2153 maximus,

61 2166 125 2215 >Hugo
135 2169 215 2215 Grotius,
224 2169 255 2217 qui
263 2169 333 2217 putavit
342 2169 364 2205 ab
373 2169 426 2205 initio
434 2168 525 2205 Ecclesiae
537 2167 629 2204 communi
637 2168 689 2204 Pres-
697 2172 750 2217 <droth

70 2224 180 2276 hyterorum,
190 2230 221 2278 qui
231 2229 288 2266 iidem
301 2242 364 2266 omncs
376 2232 395 2265 et
407 2229 497 2277 Episcopi,
506 2231 528 2264 ut
541 2227 571 2273 ait,
583 2227 640 2264 Paulo
649 2227 690 2264 Ole—
697 2210 771 2284 ffissiff}

70 2287 162 2336 mentique
171 2290 261 2335 dicuntru,
271 2289 345 2326 consilio
353 2289 408 2324 firisse
417 2288 532 2335 gubernatas,
541 2288 562 2323 in
571 2299 592 2323 ea
600 2286 690 2322 sententia
697 2286 764 2328 haeresia

72 2343 106 2381 fuit
115 2349 162 2395 quod
172 2362 233 2386 exsors
244 2339 484 2398 Episcoporumauctoritas
497 2346 582 2389 Ecclesiae
594 2331 771 2398 0011111010-11111111)θίέιι

73 2404 114 2443 dine
121 2413 162 2456 post
171 2411 231 2449 Marci
238 2414 316 2448 mortem
324 2408 447 2454 Alexandria*
454 2411 508 2456 atque
521 2419 542 2444 eo
555 2407 636 2456 exemplo
648 2407 691 2444 alibi

72 2466 162 2508 introduci
176 2472 256 2521 caeperit,
272 2474 294 2507 ut
310 2470 348 2519 ipse
364 2473 442 2506 testatur
458 2468 541 2517 Epistola
557 2468 624 2521 clxiit⁴
637 2469 691 2506 Certe

75 2528 92 2562 S.
101 2529 190 2567 Marcum
196 2532 311 2568 Alexandriae
327 2530 442 2570 constituisse
458 2530 559 2565 Ecclesiam
572 2541 635 2564 omnes
648 2530 706 2564 scri-³

63 2585 124 2634 hunt,
136 2590 265 2639 Episcopatum
277 2591 304 2628 ihi
316 2590 399 2627 habuisse
414 2589 537 2638 Hieronymus
550 2589 660 2635 Praefatione
672 2589 693 2626 in

135 2689 137 2693 .
153 2692 157 2696 ,,
170 2666 189 2707 ᾖ
198 2659 462 2706 (110111ΕῙ1111111111101,1139101,
471 2660 579 2689 alleviemur.
606 2692 607 2695 Ἰ
