1679 2935
335 206 359 233 an
371 204 471 232 nncrounu,
671 196 714 234 xxiii

115 299 207 344 Interpres
220 297 279 333 Vetus
296 295 383 332 Latinus:
401 295 465 331 Larua
480 295 579 341 principem
592 296 651 331 saculi
664 298 714 343 hrp'us
769 297 771 299 ’

91 358 184 405 ctrplar'tcs
192 357 264 401 Marica,
278 359 295 392 et
305 355 441 404 pertractaretur,
450 355 533 392 elmil'ler
546 358 562 392 et
575 366 622 392 mors
630 355 714 393 Domini:
752 361 754 365 ’

64 439 65 442 =
92 418 128 455 ινια
136 418 220 466 capetulo
229 417 316 463 clarioris,
327 428 363 464 qua
372 416 391 452 ιἰι
399 416 469 453 silentio
477 415 513 452 Da·
521 418 594 463 opaca
602 419 648 453 aaut.

92 510 93 513 ,
117 479 212 524 Habemus
219 477 282 526 igitur,
291 490 315 514 ue
323 477 382 514 dicam
390 478 456 526 plures,
464 481 502 514 tres
511 477 612 525 Scriptores
618 477 716 526 Antiquos,

92 541 137 578 duos
146 541 259 588 Interpretes
267 539 364 587 Antiquos,
377 539 475 576 lectionem
491 538 562 576 Codicis
571 538 656 584 Medicei,
665 539 717 575 nulla

92 600 169 638 notabili
177 600 269 647 varietate,
279 599 413 637 confirmantes.
439 600 496 637 Nunc
504 598 599 652 audiamus
608 598 691 637 Criticos.

117 662 151 698 Vir
163 661 286 707 Reverendus,
300 657 332 710 qui
343 673 438 709 nunquam
449 661 569 708 suspicionem
582 660 668 706 admittit,
682 672 718 707 qua

93 721 166 758 eredere
175 734 193 758 se
202 721 283 770 patiatur
292 721 366 770 Syriaca
375 734 407 757 sua
416 721 476 769 aliquo
484 721 528 757 vitio
536 720 623 767 laborare,
632 721 717 757 tenebras

92 786 161 829 tamen,
171 782 236 831 quibus
247 782 362 831 Epitomator
372 782 434 819 locum
444 781 521 828 obfudit,
531 781 621 835 discutere
634 793 653 817 se
665 793 718 830 posse

85 856 130 881 ,non
139 843 190 881 valde
199 843 299 892 profitetur.
327 845 338 862 ‘¹
344 842 405 880 Verba
413 843 453 880 haec
459 855 497 879 non
506 842 551 879 ardeo
559 854 617 891 prona
622 842 718 879 intellectu

94 905 155 950 sunt,¹'
166 904 196 941 ait.
215 904 316 941 “Andreas
326 904 424 950 Cretensis,
438 904 475 941 sire
488 903 568 952 Scriptor
577 897 626 940 unde
634 903 717 940 Andreas

94 978 127 1002 sua
138 969 232 1003 mutuatus
245 969 278 1010 est,
293 979 349 1013 qrrum
359 978 396 1002 non
407 965 483 1013 cepisset
496 964 539 1013 quid
552 964 620 1003 vellent
632 966 717 1011 eupaterio

94 1026 129 1063 ista
137 1027 225 1071 clarueris,
234 1027 269 1075 (aa
278 1027 369 1074 musterles
378 1025 399 1074 of
411 1027 439 1063 the
448 1027 511 1074 sirena)
524 1026 618 1062 substituit
626 1024 718 1076 μυστήρια

94 1087 181 1138 aptatas>
208 1088 280 1125 Deinde
296 1091 412 1135 postpauca,
426 1099 466 1134 qnae
480 1087 527 1122 nihil
540 1087 645 1134 expediunt,
655 1087 718 1123 “Pos-

95 1149 155 1193 sunt'’
165 1148 195 1193 ait,
206 1150 217 1168 “
223 1148 262 1184 haee
270 1147 334 1184 referri
343 1147 366 1183 ad
372 1158 446 1183 carmen
454 1146 524 1183 militiae
533 1147 617 1192 coelestis,
629 1147 718 1185 Gloriatur

95 1209 168 1245 eccelsia
177 1209 221 1253 Deo,
237 1211 269 1245 etc.
295 1207 366 1245 Allusio
377 1207 454 1245 fortasse
466 1207 487 1244 fit
496 1208 519 1245 ad
528 1208 581 1245 Rom.
591 1208 625 1245 rvi,
635 1208 665 1254 25,
674 1209 718 1246 263³

95 1269 149 1310 Hanc
158 1269 271 1314 allusionem,
281 1269 297 1305 si
305 1282 341 1318 qua
349 1272 381 1314 est,
387 1272 556 1317 praemonstraverat
563 1261 653 1306 Usserius.
681 1269 718 1306 Sed

95 1329 186 1370 nullaest.
523 1364 526 1379 -,
599 1327 601 1330 ’

119 1390 205 1427 Misellus
219 1389 250 1426 ille
260 1390 344 1427 Andreas
357 1393 406 1427 certe
419 1403 514 1439 nunquam
526 1391 583 1427 oculis
594 1390 665 1426 viderat
673 1390 720 1426 Ver·
753 1420 755 1430 ι

96 1450 166 1487 sionem
175 1450 216 1487 Viri
230 1450 338 1497 Reverendi,
353 1452 382 1488 the
395 1452 487 1499 mysteria·
502 1450 523 1498 of
536 1452 565 1488 the
579 1452 635 1496 sacar,
651 1463 690 1496 nec,
706 1451 721 1488 si

96 1510 153 1547 oculis
160 1510 242 1556 vidisset,
249 1511 325 1549 sortasse
333 1514 396 1549 mente
404 1511 468 1549 fuisset
477 1515 575 1549 assecutus.
589 1511 626 1548 Sed
636 1512 720 1548 Graecum

97 1572 191 1622 ignatinus
201 1573 274 1610 Graecus
287 1572 326 1620 ipse
335 1573 396 1621 legere
408 1562 468 1621 potirit
473 1588 478 1618 5
491 1573 568 1610 fortasse
581 1576 599 1609 et
611 1573 719 1621 intelhgere.

97 1632 145 1669 Mihi
160 1632 233 1679 quidem
246 1632 319 1669 violetur
335 1633 366 1670 ille
382 1634 497 1672 substituisse
510 1634 586 1682 plnusin
599 1634 719 1680 usitatiorem,

96 1691 188 1743 μυστήρια
201 1691 274 1742 φρικτὰ,
290 1705 344 1742 quam
358 1694 406 1741 apud
420 1694 577 1743 Ohrysostomum,
593 1694 684 1739 Proclum,
699 1698 718 1731 et

98 1752 142 1789 alios
151 1753 216 1801 saepius
226 1753 300 1801 legerat,
310 1766 365 1802 quam
373 1754 393 1790 in
401 1754 489 1802 liturgiis
499 1755 580 1802 quotidie
589 1755 676 1800 audierat,
685 1767 719 1803 pro
775 1764 778 1767 '

98 1826 124 1859 ea,
137 1827 177 1863 quae
188 1814 274 1852 nonnihil
286 1814 402 1852 obscrnitatis
409 1828 448 1864 prae
457 1828 475 1852 se
483 1815 524 1862 fert,
534 1812 628 1865 μυστήρια
636 1808 719 1865 κραυήής.

98 1875 129 1921 At,
143 1875 159 1912 si
172 1875 216 1923 quid
229 1875 287 1922 video,
299 1875 369 1924 phrasis
383 1876 471 1914 alterutra
484 1876 548 1913 eodem
560 1875 618 1913 redit:
635 1875 720 1913 homines

98 1936 194 1973 miratione
212 1939 230 1972 et
247 1941 320 1984 stupore
336 1937 382 1973 moti
399 1937 495 1984 aliquando
510 1937 611 1986 exclamare
625 1937 654 1973 vel
667 1938 721 1973 iuviti

98 2001 194 2045 coguntur,
209 1996 307 2046 aliquando
321 1998 470 2035 contremiscere:
483 2000 562 2042 tantum,
576 1997 591 2034 si
603 2010 639 2035 vox
651 1996 720 2048 φρικτὰ

99 2057 202 2095 admittitur
214 2057 235 2095 in
246 2061 323 2104 tentum,
333 2058 428 2095 antithesis
440 2058 533 2108 sequentis
547 2059 579 2106 τῆς
591 2056 670 2108 ἡσυχίας
683 2071 721 2096 non

94 2123 186 2156 *servatur
202 2120 273 2156 Locum
281 2133 319 2157 non
327 2124 378 2157 verto
387 2133 429 2157 cum
437 2120 518 2166 Usserio,
527 2120 612 2168 rapstera'a
620 2120 675 2168 ήιριια
684 2132 721 2168 poce

100 2181 178 2217 coraibus
187 2180 314 2218 derrancieutar
319 2196 325 2224 ς
339 2194 379 2231 quae
387 2180 449 2222 versio,
457 2181 524 2218 iterum
537 2179 637 2217 antithesin
645 2194 721 2229 pessun-

100 2241 141 2276 dat:
160 2241 191 2276 sed
205 2242 296 2288 mysteria,
313 2254 356 2289 quae,
373 2243 414 2278 licet
430 2243 515 2277 mirantes
531 2242 608 2277 Ιιυυιιυιι
622 2242 722 2289 acclamare

95 2300 172 2347 faciant,
182 2302 231 2349 apud
238 2302 295 2339 Deam
303 2303 323 2339 ιἰι
331 2303 400 2339 silentio
409 2306 451 2339 acta
459 2306 505 2339 suut.

124 2361 151 2398 At
160 2361 239 2399 “referri
247 2366 323 2411 possunt
331 2362 370 2400 haec
379 2362 402 2399 ad
411 2375 483 2400 carmen
491 2362 562 2400 militiae
568 2363 651 2409 eoelestis,
660 2364 710 2400 orat

99 2423 119 2459 ιἰι
127 2424 200 2460 eccelsia
209 2424 266 2461 Deo.”
279 2424 316 2461 Vix
325 2424 384 2461 credo.
401 2424 468 2474 Ecquis
476 2438 558 2474 unquam
566 2425 635 2463 audivit
643 2423 723 2476 apavprlr

101 2484 136 2521 dici
149 2485 171 2522 de
185 2489 240 2523 cautu
255 2490 286 2522 aut
301 2486 386 2532 carmine,
400 2487 437 2524 sive
450 2487 545 2525 hominum
560 2487 671 2533 mortalium,
685 2487 728 2529 sive,

101 2546 221 2591 angelorum?
246 2547 295 2592 huit,
304 2550 350 2583 teste
363 2547 467 2593 Aristotele,
481 2548 525 2592 olim
533 2560 639 2585 numerosus
649 2547 722 2596 quidam

100 2603 151 2642 faber
160 2606 238 2652 aerarius,
248 2607 279 2657 qui
292 2607 368 2644 canebat
380 2607 461 2657 αραυήήυ
470 2606 584 2654 Καλλιόπης·
598 2621 650 2656 quens
660 2613 722 2645 tamen

101 2676 195 2713 utinquam
210 2667 290 2714 Calliope
305 2671 401 2705 canentem
415 2672 447 2705 ant
460 2673 555 2707 vocantem
570 2668 640 2717 'placido
654 2668 723 2705 lumine
