1747 2957
195 218 231 255 306
385 229 514 257 meanauruu
525 225 632 256 uraaarvan

195 319 251 365 videt,
264 319 374 366 Παπάζοιεν,
387 313 458 371 πατέρα
471 313 547 358 casata.
572 320 603 356 Ita
615 317 662 365 apud
670 316 816 364 Aristophanem,

196 381 286 430 optimma
298 383 375 431 Linguae
382 383 449 421 Atticae
461 383 584 431 interpretem,
593 380 679 428 Trygaeus
688 377 734 414 filias
742 375 817 425 alloqui-

196 445 232 489 tur,
241 443 262 480 in
270 444 323 491 Pace,

327 514 368 543 ‘Hafa'
374 515 391 543 ha
397 514 453 549 αἰτίζητ’
460 513 500 551 ἄρτον
506 511 551 541 aaran
556 522 573 547 με
580 512 649 540 καλοῦσαι,

327 561 363 591 cum
370 570 422 598 panem
428 561 478 598 petitis
484 569 535 597 papam
541 567 564 587 me
570 559 640 587 vocantes.
651 555 656 593 (
665 555 711 593 ⁴120.)

224 625 284 662 Quem
292 626 352 661 locum
360 626 457 672 respiciens
467 624 575 673 Hesychius,
589 620 662 665 Πάπας,
673 617 741 669 πατρὸς
753 616 818 655 ὑποκό-

198 698 261 734 ρισμα.
287 685 312 721 Et
325 684 352 721 ita
365 684 407 722 filiae
420 685 516 733 Trpgaeum
531 684 652 732 alloquuntur,
659 680 685 718 Ὤ
697 677 763 718 παπία.
789 678 819 715 lta

198 757 260 780 rursus
272 748 291 780 et
303 745 323 780 in
332 744 403 792 Vespis‚
411 744 444 780 nbi
458 735 572 788 Scholiastes,
581 741 643 780 παπία
652 740 676 788 δὲ,
685 738 748 791 πάτερ.
773 740 819 776 Erat

198 803 254 851 igitur
262 804 302 841 haec
314 804 413 841 liberorum
426 804 448 841 ab
460 804 500 851 ipsa
511 804 579 851 linguae
591 804 660 840 Graecae
672 802 741 850 origine
752 800 820 838 blanda

199 864 294 912 appellatio
305 865 354 913 patri
362 865 409 901 data.
436 864 547 901 Posteriores
557 863 616 901 Graeci
625 863 701 899 eandem
715 860 820 910 appellatio-

198 925 305 961 nemetiam
316 925 352 961 illis
364 925 468 962 tribuerunt
477 937 521 974 quos
533 924 584 972 quasi
593 927 666 972 patrum
677 922 717 959 loco
725 922 819 958 habemus.

200 984 309 1021 scholiastes
326 984 409 1030 Homeri,
426 983 505 1026 Hrirrae,
523 981 653 1033 προσφώνησις
674 979 820 1032 φιλοφρονητική

133 1064 135 1070 <
200 1043 338 1096 νεωτέρου-πρὸς
346 1042 476 1095 πρεσβύτερον.
492 1043 577 1081 Juniores
585 1042 685 1080 senioribus
693 1045 781 1091 tanquam
788 1040 821 1076 filii

199 1105 305 1153 parentibus
314 1105 389 1142 titulum
394 1105 444 1142 huno
452 1105 567 1142 tribuebant:
581 1107 599 1141 et
605 1103 638 1141 ubi
646 1103 696 1140 aetati
705 1102 783 1151 dignitas
789 1102 821 1138 ali-

201 1165 236 1214 qua
243 1166 322 1212 accessit,
329 1158 394 1202 titulus
400 1165 520 1203 venerationis
526 1165 637 1202 habebatur:
649 1162 674 1200 Τὸ
683 1161 753 1200 πάππα
761 1161 792 1199 καὶ
800 1161 821 1200 πὸ

201 1224 256 1262 ctam
266 1225 286 1262 οὐ
297 1225 376 1274 palmeo
387 1225 453 1275 πατὴρ,
467 1224 517 1261 ἀλλὰ
530 1223 575 1275 πρὸς
588 1219 750 1273 πα1έρασεπτιαὴ
766 1220 821 1271 φωνὴ,

203 1286 273 1323 Suitlas.
300 1286 338 1323 Sub
347 1286 381 1323 hae
388 1286 509 1324 venerationis
520 1289 565 1322 nota
573 1283 636 1324 arduas
647 1298 658 1321 a
667 1283 741 1329 Graecis,
750 1283 802 1330 Papa
811 1295 822 1319 a

202 1346 279 1391 Latinis,
288 1347 377 1395 primaevis
385 1346 470 1383 Ecclesiae
478 1345 589 1394 temporibus
600 1344 714 1381 tribuebatur
722 1343 821 1392 Episcopis,

203 1419 247 1455 quos
260 1407 300 1444 loeo
314 1407 434 1456 spiritualium
448 1410 521 1455 patrum
533 1405 643 1443 habueiumt.
673 1404 730 1441 Nulla
743 1403 773 1440 hic
787 1404 821 1449 aot,

201 1467 252 1503 nulla
256 1468 317 1514 patris
321 1471 396 1514 patrarat
403 1467 460 1504 notio.
486 1467 527 1503 Hoc
534 1469 595 1513 autem
601 1465 679 1503 secundo
688 1468 767 1513 apparet,
774 1464 823 1512 quorl

200 1527 265 1561 titulus
277 1527 308 1561 ille
321 1527 385 1562 eodem
397 1539 434 1562 aevo
448 1538 484 1573 quo
498 1527 520 1560 dc
535 1526 615 1570 Heracla
628 1528 725 1572 usmpatns
737 1528 770 1569 est,
783 1525 822 1575 aliis

200 1586 293 1634 Episcopis
302 1598 357 1634 qnam
365 1586 475 1622 Patriarebis
484 1585 585 1622 eommamis
594 1582 647 1631 11111ΙῚ
657 1585 720 1635 Clarus
729 1585 823 1620 Romanus

201 1647 224 1682 aa
230 1647 303 1683 Olerum
309 1647 477 1695 Carthaginensem,
485 1647 601 1682 “Didieimus
609 1646 701 1682 secessisse
706 1645 823 1682 benedictum

199 1708 270 1755 Papam
279 1708 390 1756 Cyprianum
399 1707 518 1744 aOlementio
527 1706 655 1743 subdiacono.'’
676 1706 736 1742 Iidem
742 1706 762 1741 in
768 1706 823 1742 titulo

201 1769 288 1815 Epistolae
301 1769 325 1803 ad
337 1768 397 1816 ipsum
410 1768 487 1816 scriptae,
500 1768 609 1816 “Cypriano
623 1768 677 1815 Papae
691 1766 791 1814 presbyteri
805 1770 823 1802 et

201 1828 279 1865 Diaconi
295 1829 359 1865 Romae
375 1829 494 1865 consistentes
511 1829 606 1865 salutem.”
634 1829 665 1865 Ita
680 1828 748 1873 Roma,
763 1827 790 1863 ita
804 1827 824 1863 in

175 1891 177 1895 ”
202 1888 265 1924 Africa
272 1888 329 1924 locuti
336 1891 384 1933 srmt,
393 1890 404 1908 “
408 1888 493 1925 Universi
502 1888 611 1925 confessores
618 1887 708 1937 Cypriano
715 1888 769 1936 Papae
777 1887 825 1923 salu-

202 1949 258 1985 tem.”
266 1942 397 1997 Hieronymus
403 1949 499 1997 aliquando
505 1949 626 2001 Theophilum
630 1949 740 1996 Episcopum
745 1948 825 1984 Alexan-

203 2008 276 2044 drinum
283 2011 295 2028 ‘¹
300 2009 381 2056 Papam”
391 2009 475 2056 appellat,
481 2013 503 2046 ut
510 2009 531 2045 in
538 2002 626 2057 Apologia
631 2008 718 2046 adversus
725 2008 824 2053 Ruffinum,

205 2070 216 2086 ‘¹
221 2068 271 2114 Ergo
280 2072 298 2103 et
306 2068 393 2115 Epistola
404 2068 458 2115 Papae
468 2068 563 2116 Theophili
576 2073 594 2105 et
607 2061 736 2116 Epiphaniiet
748 2067 825 2104 aliorum

204 2127 334 2174 Episcoporum
342 2131 361 2162 te
369 2131 441 2175 petunt,
452 2131 471 2163 te
481 2129 563 2164 lacerant
568 2130 586 2173 ;”
600 2133 619 2164 et
627 2129 681 2176 paulo
689 2132 735 2176 post,
746 2123 825 2165 “Lectis

204 2198 263 2235 nuper
268 2186 321 2234 Papae
330 2185 519 2240 TheophiliEpistolis
525 2186 542 2231 ;’⁷
551 2187 659 2236 iterumque,
666 2190 678 2207 “
684 2188 741 2225 Nune
745 2188 826 2237 primum

205 2260 216 2283 a
224 2248 274 2295 Papa
281 2246 381 2294 Theophilo
389 2245 473 2282 didicisse
481 2246 584 2294 impietates
596 2247 653 2294 ejus.”
678 2248 703 2283 Et
715 2248 735 2283 in
744 2248 826 2295 Epistola

204 2306 300 2355 adipsum
315 2305 363 2350 data,
379 2306 391 2326 “
400 2304 489 2359 Adnitere
505 2318 548 2354 ergo
564 2305 614 2354 Papa
630 2305 758 2351 amantissime,
772 2310 826 2356 atque

203 2368 325 2405 beatissime.”
350 2367 395 2405 Non
404 2367 452 2415 quod
463 2367 512 2404 lianc
524 2359 599 2404 titulum
607 2367 729 2405 Alexandrino
738 2368 828 2417 Episcopo

204 2428 314 2476 peculiarem
322 2427 403 2464 crederet
408 2442 413 2473 ς
427 2427 546 2464 Anastasium
554 2427 604 2464 enirn
613 2427 666 2464 simul
677 2440 719 2465 eum
727 2428 827 2477 Theophilo

204 2489 301 2525 nominans
311 2489 369 2534 iham,
382 2500 421 2525 non
432 2480 597 2537 hunc,'“P'apam”
608 2492 666 2534 vocat,
679 2483 746 2527 ‘fauit
757 2485 827 2525 facirmt

205 2548 292 2598 Epistolae
304 2547 400 2595 Theophili
413 2548 503 2602 Episcopi,
519 2542 562 2596 quiri
575 2548 629 2596 Papae
643 2548 740 2593 Anastasii,
753 2548 774 2583 in
788 2551 828 2590 toto

206 2608 250 2645 orbe
262 2608 369 2645 haereticum
380 2600 547 2657 persequentesl't'
562 2610 604 2646 Imo
614 2609 635 2645 in
643 2609 725 2658 Epistola
737 2609 760 2646 ad
768 2609 827 2646 Theo-

206 2669 277 2717 philum
292 2669 335 2707 data
349 2669 467 2706 Anastasium
480 2665 579 2718 “Papam'’
594 2670 678 2718 appellat,
693 2673 705 2691 “
712 2671 741 2707 Er
756 2670 828 2718 dispen-
