1679 2935
236 209 330 237 normano
342 208 398 237 S'l'filU
410 208 554 246 CONTROVEESUE,
682 203 704 240 57

81 302 184 349 passibilem
193 314 233 338 oeae
238 305 314 349 propter·
324 313 360 347 aas,
369 305 390 338 at
401 291 504 338 aerataeque.
530 301 580 354 Hine
587 301 647 349 igitur
656 307 707 350 patet

85 364 130 400 duas
138 363 194 401 firisse
202 363 297 401 Editienes
305 362 391 411 Epistolae
402 362 425 413 ad
433 362 553 412 Polycarpum
561 363 641 400 multum
650 364 707 402 diver-

74 436 118 469 sas,
133 436 238 472 germanam
251 436 313 468 unam,
327 422 455 472 interpolatam
470 422 554 460 alteram:
572 436 677 472 germanam
689 431 708 464 et

85 484 189 533 primaevam
198 489 280 530 seeutrmr
289 496 326 521 esse
334 484 452 533 interpretem
458 484 583 535 Usserianum,
590 486 709 533 posteriorem
738 533 740 537 y

86 557 119 581 seu
126 544 254 594 interpolatam
262 539 338 582 vertisse
346 545 464 593 interpretem
472 543 578 593 Vulgatum.
592 545 645 582 Idem
654 547 709 587 etiam

85 605 143 656 liquet
154 618 176 642 ex
184 606 243 644 uerbis
254 605 277 642 ad
285 606 340 642 finem
352 605 443 654 Epistola,
451 604 472 640 in
480 604 561 654 Vulgato
571 606 634 643 Graeco
643 608 709 646 Codice

70 684 73 690 ,
86 666 158 713 additis,
166 664 230 715 Ἀμὴν,
241 664 252 714 ἡ
263 664 323 718 χάρις,
332 666 398 716 quibus
409 664 519 714 respondent
531 665 552 703 in
560 665 641 716 Vulgata
652 667 709 706 inter-

85 730 143 774 prete,
156 727 219 772 Auzaa,
231 727 298 774 pratia,
314 739 354 774 quae
371 739 381 761 a
397 726 481 761 Medieeo
495 726 562 762 Codice
576 730 595 762 et
610 728 710 776 interprete
717 723 787 789 {⁹³¹³ssss

87 786 185 824 Usseriano
201 792 274 834 prorsus
286 783 362 824 absunt.
389 786 439 832 Hinc
449 808 450 812 =
460 784 509 822 enim
525 785 652 833 Armaehanus
672 788 710 837 ipse
717 769 785 827 11111111

87 847 156 897 colligit
168 847 285 885 Anastasium
297 847 421 885 Patriareham
433 845 569 885 Antiochenum
582 846 629 885 cirea
641 861 710 888 annum
717 836 775 904 {lffllcgl
783 835 801 865 ul

87 918 141 946 arev.
154 910 227 957 vulgata
238 909 276 947 sive
288 909 397 956 interpolata
411 907 490 944 editione
504 908 568 945 Graeca
581 921 634 945 usum
648 909 709 949 tuisse.
717 884 791 957 intirpdp'

88 969 160 1018 Quippe
169 969 267 1018 Gregorius
275 970 325 1017 Papa
333 969 431 1015 Romanus,
441 967 520 1016 Registri
528 969 559 1006 lib.
568 969 591 1007 iv.
601 970 669 1008 Indict.
679 974 708 1010 13.
716 952 802 1019 llilljslndre

87 1029 146 1076 Epist.
155 1030 185 1066 37.
194 1043 236 1066 cum
247 1029 270 1066 ad
277 1029 333 1065 finem
340 1028 427 1077 Epistola
435 1040 472 1064 suae
480 1027 503 1063 ad
511 1029 629 1065 Anastasium
638 1031 710 1079 scriptae
717 1027 790 1093 ffissff

88 1090 203 1137 apposuisset,
212 1090 290 1134 “Amen,
297 1090 373 1136 gratia,”
381 1088 443 1124 statim
447 1087 486 1123 haee
493 1088 549 1133 addit,
557 1091 568 1132 ἔ(
574 1088 620 1126 Quae
628 1090 711 1128 videlieet
761 1086 764 1094 ¹

87 1149 143 1187 rerba
151 1149 174 1186 de
182 1149 254 1197 seriptis
263 1148 326 1187 vestris
337 1151 410 1196 accepta
420 1147 441 1184 in
449 1147 494 1184 meis
502 1147 589 1196 Epistolis
595 1160 650 1197 pono,
659 1153 680 1188 ut
689 1151 711 1189 de

90 1210 108 1246 S.
117 1209 192 1256 'ignatio
200 1213 260 1247 vestra
269 1208 366 1246 Beatitudo
378 1210 479 1256 cognoscat,
489 1208 532 1255 quia
539 1221 578 1245 101
586 1209 644 1246 solum
652 1216 712 1250 vester

90 1273 122 1316 est,
132 1270 163 1307 scd
172 1275 190 1308 et
198 1275 265 1308 noster.
291 1269 401 1306 sicutenim
409 1268 520 1317 Magistrum
533 1269 571 1318 ejus
582 1270 711 1318 Apostolorum

89 1330 190 1380 prinoipem
198 1331 286 1369 habemus
295 1342 415 1376 communem,
422 1329 449 1366 ita
457 1341 528 1377 quoque
536 1330 617 1379 ejusdem
624 1332 711 1383 principis

90 1392 199 1440 discipulum
210 1393 272 1429 nullus
284 1395 368 1429 nostrum
380 1391 447 1428 haheat
458 1390 567 1439 priuatum.”
593 1393 641 1429 Cum
654 1393 712 1441 igitur

89 1452 129 1488 haee
137 1452 192 1489 verba
199 1452 262 1500 Ἀμὴν,
271 1451 283 1497 ἡ
291 1450 351 1502 χάρις,
361 1452 383 1488 ad
391 1452 447 1487 finem
458 1451 545 1498 Epistolae
556 1452 579 1488 ad
590 1453 684 1500 Ephesios,
693 1459 712 1491 et

89 1511 156 1559 pariter
169 1511 224 1561 hujus
238 1511 261 1548 ad
274 1510 395 1560 Polycarpum
410 1509 492 1558 apposita
505 1510 624 1559 reperiantur,
639 1517 712 1561 apparet

89 1563 186 1619 utramque
193 1572 261 1619 pariter
270 1571 325 1608 etiam
333 1571 365 1607 illo
373 1582 411 1608 aevo
417 1570 474 1607 tuisse
482 1570 608 1619 interpolatam
611 1571 621 1608 f.

114 1631 144 1667 Ad
152 1631 191 1668 haee
199 1632 261 1668 omnia
269 1630 345 1667 ulterius
358 1630 481 1667 confirmanda
492 1631 571 1667 multum
579 1631 627 1668 valet
635 1632 654 1668 id
663 1632 795 1680 11110111Ῑό111ὒέ-

85 1703 123 1728 -nos
131 1691 187 1739 primi
194 1690 395 1736 01110111111111,1’111110
404 1690 504 1738 antiquitus
513 1691 567 1728 aliam
571 1692 711 1739 Ignatianorum
718 1671 804 1745 iiidieildil'

89 1752 200 1798 Editionem,
215 1756 280 1801 praeter
294 1764 324 1788 eas
338 1755 375 1789 tres
390 1763 434 1800 quas
447 1755 535 1788 memorat
549 1752 640 1790 Usserius.
665 1754 711 1792 Erat
718 1749 747 1774 “⁶⁵
754 1755 788 1783 quas

90 1816 151 1848 autem
159 1812 199 1849 haee
207 1812 269 1859 Editio
278 1811 361 1865 omnium
369 1815 387 1848 et
396 1811 475 1848 solarum
482 1811 605 1859 Epistolarum
614 1826 658 1861 quas
665 1815 711 1851 vidit
718 1786 790 1855 lUnsedeliilad,

719 1859 763 1887 editio

0 1874 1 1879 ’
58 1904 62 1907 .
90 1872 186 1920 Eusebius,
202 1872 234 1909 sed
248 1871 404 1921 interpolatarum.
429 1871 495 1921 Neque
509 1871 548 1909 haee
565 1876 593 1909 est
609 1873 799 1934 conjecfiuappjsfflg,

90 1945 144 1969 mera.
179 1933 244 1970 Habeo
261 1932 311 1969 enim
327 1933 418 1981 exemplar
434 1933 476 1980 MS.
489 1932 574 1969 Graecum
589 1933 783 1988 Epistolarumptana-

90 1993 235 2041 Ignatianarum,
249 1993 296 2030 mihi
310 2006 320 2029 a
332 1993 378 2030 Viro
392 1993 445 2030 docto
459 1996 477 2029 et
490 1992 627 2041 Antiquitatum
641 1981 755 2033 111101οΜΙ

91 2054 251 2099 communicatum,
261 2053 300 2090 sine
309 2053 357 2090 fietis
366 2056 384 2090 et
397 2052 515 2101 supposititiis
527 2054 603 2102 (septem
613 2054 665 2100 enimv
672 2058 713 2093 tan·

89 2118 131 2151 tum
142 2114 197 2163 sunt)
207 2114 239 2151 sed
251 2126 293 2150 eum
305 2114 414 2151 assumentis
424 2113 498 2162 quidem
509 2114 541 2151 diu
553 2117 594 2162 post
607 2115 713 2162 Eusebium,

90 2174 128 2212 imo
136 2177 155 2212 et
164 2174 263 2220 Gelasium,
272 2172 331 2219 factis,
340 2173 431 2223 Epistolas
438 2173 472 2210 hee
481 2172 543 2210 ordine
551 2177 692 2223 repraesentans:

188 2257 239 2310 Πρὸς
247 2256 376 2308 Τραλλησίονς
385 2258 408 2296 A.

187 2319 237 2371 Πρὸς
246 2316 366 2367 Marrucinos
374 2320 396 2355 B.

189 2379 239 2431 Πρὸς
247 2378 371 2428 Φιλαδελφεῖς
379 2380 399 2416 Γ.

188 2439 238 2492 Πρὸς
246 2438 358 2490 Σμυρναίους
367 2441 389 2476 Δ.

110 2552 115 2566 ⁰
125 2549 173 2580 Verba
182 2550 268 2587 interpolata
277 2548 390 2578 111110111οά11-
414 2547 489 2584 utriusque
501 2547 570 2585 Epistulae
586 2548 623 2578 hanc
636 2550 714 2580 clausulam

91 2587 154 2616 tinxerat
160 2587 239 2618 Pearsenus
244 2587 282 2625 quod
288 2595 314 2616 nos
320 2588 337 2616 ut
342 2587 391 2616 minus
415 2586 483 2622 agnoseit
503 2586 540 2616 Vide
550 2596 582 2623 quac
592 2588 691 2618 adnotavimus
697 2590 714 2617 in

90 2625 185 2654 necessarlum
193 2635 222 2655 101
228 2626 320 2656 servavimus.
415 2624 481 2662 Append.
489 2624 507 2653 ad
513 2625 560 2654 Partis
567 2625 577 2655 Ι,
585 2634 615 2663 cap.
621 2626 636 2654 li.

109 2662 143 2690 fAt
153 2662 224 2701 lnterpres
234 2665 327 2694 Armeniacus
337 2665 353 2692 in
361 2663 390 2692 fine
661 2682 663 2684 -
