1747 2957
183 213 221 250 aaa
372 220 499 250 maurinorum
511 221 617 249 raamrrun

184 317 237 359 teret,
246 314 260 350 si
273 318 314 362 post
327 327 384 351 annos
396 314 453 351 ferme
467 315 553 351 ducentos
566 325 665 361 paucorum
673 313 804 350 Melchitarum

184 374 285 423 Episcopus
292 374 376 422 Origines
382 375 468 411 Ecclesiae
473 374 601 411 Alexandrinae
608 373 634 409 ibi
642 373 737 410 inveniret.
751 375 804 410 Certe

92 444 151 474 errores
185 436 224 471 tam
236 434 351 482 negligenter
362 434 489 472 Alexandrinae
502 433 587 471 Ecclesiae
600 432 694 470 historiam
707 433 804 482 pertexuit,

92 482 175 552 ffffiltffiia
185 498 207 530 nt
215 507 253 532 non
261 496 318 543 magis
326 493 381 544 liujus
390 507 444 543 quam
452 495 525 531 alterius
534 494 634 543 cujuspiam
642 498 762 531 monumenta
769 494 804 543 ipsi

93 568 122 589 sua.
186 555 259 603 cognita
270 555 325 592 fixisse
334 559 423 604 appareat.
449 556 533 592 Marcum
541 554 675 603 Evangelistam
687 554 743 591 tradit
755 567 804 591 nono

186 616 257 652 Claudii
274 628 321 652 anno
334 615 463 652 Alexandriam
477 615 552 659 venisse,
567 615 625 662 primo
640 614 719 651 Neronis
735 614 804 651 ibidem

184 674 271 722 martyrio
288 677 394 710 coronatum
411 686 461 710 esse:
481 678 499 710 et
513 677 576 711 tarnem
589 674 639 711 idem
653 674 708 711 refert
722 676 804 722 tempore

184 734 262 771 Neronis
271 735 346 771 Petrum
355 734 446 782 scripsisse
454 735 575 782 Erangelinm
583 736 643 773 Marci
651 735 731 773 dictante
739 736 803 773 Marco

183 795 203 831 in
215 794 260 831 urbe
273 795 341 831 Romae.
368 794 413 830 Haec
426 806 464 830 non
477 806 499 830 ex
512 795 626 832 Alexandriae
639 796 720 841 archivis,
733 796 764 833 sed
777 796 804 832 di-

182 855 237 890 rersis
254 854 375 903 scriptoribus,
394 854 424 902 qui
439 854 530 890 contraria
545 855 666 901 tradiderunt,
682 857 721 893 sine
735 857 804 905 judicio
832 867 835 869 ·

182 916 248 952 hausit.
275 915 375 952 Conciliare
387 916 427 951 haec
436 915 509 962 quidem
518 915 574 951 voluit
584 916 679 960 Sefflenus,
689 917 720 952 sed
731 917 803 954 frustra.

183 976 244 1012 “Non
262 975 320 1012 solum
338 978 399 1011 autem
417 978 498 1022 tempore>
510 974 592 1021 Neronis,
610 975 642 1012 sed
658 988 706 1013 anno
723 977 804 1025 ejusdem

182 1035 245 1084 primo,
256 1048 328 1074 necesse
340 1039 366 1073 est
379 1038 400 1073 ut
408 1035 462 1073 vellet
470 1038 531 1073 noster
540 1036 659 1084 Evangeliurn
667 1036 702 1074 hoc
711 1036 803 1085 scriptum,

183 1096 231 1144 qnod
239 1096 299 1144 palam
308 1100 335 1132 est
344 1108 366 1132 ex
373 1095 396 1131 iis
404 1108 444 1144 quae
452 1095 500 1131 infra
508 1095 563 1131 habet
572 1096 594 1132 de
601 1095 651 1132 exitu
658 1100 699 1132 tmn
705 1097 756 1133 Petri
763 1096 804 1133 tum

183 1156 242 1193 Marci
255 1155 319 1193 eodem
332 1156 352 1192 in
367 1156 434 1192 anno.”
461 1155 482 1192 Si
495 1155 544 1192 enim
559 1159 670 1204 supponatur
684 1156 804 1205 Evangelirun

183 1216 243 1251 lilarci
257 1216 344 1263 scriptimr
357 1216 412 1251 fuisse
425 1215 484 1262 primo
496 1215 576 1251 Neronis
591 1228 644 1261 anno,
658 1216 727 1263 reliqua
741 1220 804 1252 tamen

184 1274 281 1311 consistere
295 1288 333 1311 non
347 1278 428 1323 possunt.
454 1275 481 1310 Eo
496 1274 545 1310 enim
562 1288 610 1311 anno
627 1288 662 1323 quo
678 1279 761 1311 mortuus
776 1281 804 1312 est

184 1328 259 1372 Marcus
270 1335 384 1373 Alexandriae
395 1347 433 1372 non
445 1334 505 1383 potuit
518 1335 581 1372 Roma
593 1334 661 1372 dictare
673 1334 803 1385 Erangelium3

184 1397 300 1444 nequeenim
309 1397 415 1444 Entychius,
424 1408 484 1444 neque
493 1396 588 1443 quisquam
597 1396 642 1432 alitis
655 1397 707 1432 docet
719 1397 804 1433 Alorcum

183 1456 264 1504 JEgypto
277 1456 300 1492 ad
310 1457 385 1492 Petrum
394 1456 520 1503 commigrasse
530 1456 617 1491 Romam:
631 1467 691 1503 neque
703 1455 723 1491 id
734 1456 804 1492 factum

183 1516 246 1551 docere
255 1516 314 1562 potuit
322 1515 423 1563 Eutyclrius
431 1515 490 1562 primo
497 1515 576 1550 Neronis
585 1528 638 1559 anno,
646 1528 688 1550 enm
696 1515 735 1562 ipse
743 1516 804 1552 tradat

182 1575 258 1611 Petrum
270 1575 349 1611 ocoisrnn
361 1587 400 1611 esse
413 1574 556 1622 annovigesimo
565 1575 644 1611 secundo
652 1578 693 1622 post
701 1575 803 1622 passionem

183 1635 263 1682 Domini,
272 1635 307 1672 lroc
315 1639 347 1681 est,
357 1639 400 1672 ante
408 1635 505 1683 imperium
513 1635 598 1673 Neronis.
619 1636 664 1673 Haec
673 1640 734 1673 autem
743 1636 804 1673 omnia

183 1700 226 1732 sunt
243 1694 345 1732 ἁσύστατα.
371 1696 517 1739 Patriareharum
535 1696 614 1741 nomina,
633 1700 651 1732 et
668 1697 714 1732 mira
731 1697 803 1744 quidem

183 1768 234 1803 saepe,
247 1756 308 1803 prodit
320 1755 421 1804 Eutychius
428 1771 433 1800 ;
447 1768 504 1793 annos
518 1755 573 1792 ctiam
586 1760 686 1802 enumerat,
701 1769 730 1793 res
745 1760 804 1804 gestas

183 1814 258 1850 minime
272 1818 406 1851 commemorat.
432 1815 479 1851 Cum
494 1814 518 1850 ad
531 1815 645 1850 Demetriinn
659 1815 746 1863 pervenit,
756 1816 804 1864 quod

183 1879 226 1910 ante
234 1875 308 1920 dixerat,
317 1876 389 1923 repetit,
398 1876 471 1911 Primus
484 1872 514 1919 ille
522 1876 672 1911 Patrimctcrara
680 1876 777 1922 Episcopus
785 1878 805 1913 ia

183 1935 260 1982 AEpppti
274 1935 339 1972 ditione
353 1935 452 1979 or·diaacit;
470 1938 492 1972 nt
505 1939 524 1972 et
538 1935 560 1972 de
574 1935 657 1981 Heracle,
670 1935 715 1983 Ejus
729 1940 805 1984 tempore
828 1935 830 1938 ’

184 1996 281 2041 appellatas
295 2000 320 2031 esi
334 1996 444 2031 Patriarclra
457 1995 590 2031 Alccaadriaas
603 1996 660 2041 Baba,
674 1997 695 2031 id
708 2000 739 2042 est,
756 2010 803 2034 amas.

185 2054 235 2090 Quid
243 2058 304 2090 antem
313 2055 333 2090 in
341 2055 423 2090 Ecclesia
432 2059 477 2091 tunc
490 2056 577 2102 temporis
589 2056 659 2092 factum
673 2060 705 2101 est,
715 2057 805 2104 quomodo

185 2112 273 2160 Origenes
278 2113 319 2149 illic
327 2113 411 2161 agitatus,
420 2126 459 2150 non
467 2114 541 2150 omnino
555 2115 617 2152 docet:
630 2120 652 2151 nt
662 2116 745 2155 rideatur
754 2116 804 2153 Ada-

184 2171 275 2208 mantirnn
282 2171 335 2208 illum
343 2172 397 2220 plane
404 2172 501 2219 ignorasse.
523 2162 589 2221 Neque
595 2174 634 2211 haec
643 2176 747 2223 conjectura
754 2190 805 2212 mera

90 2244 134 2273 Arra·
184 2237 211 2270 cst
218 2248 223 2279 5
239 2234 282 2282 lpse
295 2233 343 2269 enim
357 2233 379 2269 de
393 2233 457 2281 quinto
470 2233 550 2270 Concilio
561 2246 621 2282 agens,
634 2235 673 2271 haec
686 2237 754 2282 scribit,
763 2238 805 2274 Fau

90 2282 162 2354 ffiffll'
183 2293 428 2338 etiamicmpcreJacstiaicai
438 2293 521 2338 Oripcaes
531 2294 628 2338 Episcopus
636 2295 805 2342 Maribapeasis,qci
822 2340 824 2343 ι

182 2352 336 2398 cceteapspcdosia
349 2352 430 2397 asseruit,
439 2352 585 2388 resurrectionem
597 2363 668 2399 aepcas.
694 2354 720 2390 At
728 2354 758 2391 hic
766 2355 805 2402 ipse

183 2424 237 2460 quem
248 2411 357 2459 Episcopum
365 2410 510 2459 lllanbagensem
518 2413 575 2457 vocat,
589 2411 634 2448 alius
646 2424 685 2449 non
698 2416 736 2450 erat
750 2426 804 2462 quam

182 2486 219 2513 nelis
230 2485 303 2512 Ximenes.
322 2484 386 2512 Isonim
395 2493 480 2513 nonemen-
505 2486 556 2521 quibus
569 2486 584 2514 Si
593 2486 689 2514 Athanasium
700 2487 804 2517 “mediocriter

129 2556 132 2561 q
183 2522 238 2550 daturis
250 2522 308 2556 ignibus
321 2522 394 2557 octoginta
405 2523 452 2551 millia
464 2523 480 2550 li-
505 2524 698 2559 doctum”placuitrocare;
708 2525 737 2552 “id
743 2525 804 2554 Nazian-

182 2559 240 2588 brornm
253 2558 350 2594 Arabicarum,
363 2568 381 2588 es
397 2559 480 2589 Maurorum
504 2560 614 2589 zenumfateri¹¹
624 2561 700 2590 somniant.
716 2561 804 2598 1711111111-
836 2584 838 2586 »

183 2596 293 2632 Hispanicormn
302 2597 345 2631 gazis,
352 2596 408 2624 dedisse
414 2598 479 2625 traditur.
504 2598 547 2631 leant,
561 2600 598 2633 opto,
611 2598 662 2625 saltem
676 2608 692 2626 eo
705 2609 753 2635 usquc,
768 2600 803 2628 dum

201 2633 237 2662 Hac
248 2633 295 2670 paullo
306 2634 349 2662 latins
359 2643 403 2670 qnam
414 2637 480 2670 parerat
505 2634 569 2662 divinam
574 2635 650 2663 Athanasii
656 2636 761 2674 philosophiam
766 2647 803 2666 sunr-

181 2673 263 2707 prosecutus
268 2680 304 2707 sum,
309 2671 347 2708 quod
352 2674 427 2709 supersunt
433 2672 480 2707 hodic,
505 2672 532 2701 mis
539 2672 581 2702 labiis
587 2674 676 2709 grrsiarcrint
682 2675 685 2703 l
