1679 2935
228 214 251 241 nn
264 211 402 240 armoricanae
414 209 521 237 1111111111.
649 203 683 238 205

66 310 89 347 ad
105 307 244 355 Philippenses:
266 315 321 350 qrrare
337 302 393 350 igitur
410 313 448 337 non
465 303 483 337 61
499 300 569 347 ignatii
585 300 685 348 Polycarpo

66 370 145 414 senioris,
155 367 206 415 cujus
214 363 300 412 Epistola
311 362 339 399 illi
348 361 370 398 ad
379 360 506 409 Philippenses
518 363 570 395 erant
583 358 685 408 adjunctae?

67 424 199 467 “blemorandi
213 428 262 462 certe
276 424 323 460 ratio
337 423 433 471 utriusque
449 434 482 469 par
498 423 543 466 erat,
560 420 629 469 Ignatii
645 433 688 458 vero

66 491 121 528 etiam
133 487 210 538 potior.”
236 484 345 533 Priusquam
357 482 458 532 respondeo
471 481 578 528 (1611611166,
588 493 647 531 quaero
656 495 688 531 pa-

66 552 110 588 riter
124 550 146 585 de
156 547 273 585 Tertulliano.
299 544 398 589 Ooncedes,
412 543 481 591 opinor,
495 555 537 579 eum
549 542 596 579 bene
611 544 699 599 nouisse,¹
721 576 722 579 ,

67 611 160 660 ignatium
180 608 235 645 fuisse
255 606 341 644 Ecclesiae
361 604 481 642 Andochenae
497 603 612 653 Episcopum,
630 607 649 641 61
666 599 698 641 ab

67 671 158 720 Apostolis
170 669 279 712 ordinatum,
288 667 360 704 etiamsi
369 666 460 715 Epistulas
473 667 512 715 ejus
523 665 616 714 ignorasse
629 670 687 713 putes.

69 733 133 773 Quaero
146 729 202 778 igitur
214 741 255 765 cnm
265 727 355 765 Ecclesiae
368 726 482 776 Apostolicas
495 730 589 772 memorat,
604 726 626 763 de
641 727 690 763 Prae-

68 792 165 841 scriptionc
179 789 313 833 Haereticornm
329 801 368 837 cap,
382 790 412 834 32,
430 800 462 825 cur
476 788 546 836 Ignatii
561 792 593 825 aut
605 788 691 825 Ecclesiae

68 852 186 890 Antiochenae
194 863 232 887 non
239 850 336 887 meminit?
362 850 421 887 “Hoc
429 850 502 895 modo,”
511 849 576 897 inquit,
586 851 598 869 “
603 849 689 886 Ecclesiae

68 911 177 961 Apostolicae
183 922 248 947 census
254 922 295 947 suos
303 910 396 963 deferuntj
410 909 457 946 sicut
465 911 600 958 Smyrnaeorum
607 910 689 946 Ecclesia

68 973 188 1022 Polycarpum
197 970 219 1007 ab
228 970 240 1006 J
241 983 300 1007 oanne
312 970 426 1007 conlocatum
438 970 499 1015 refert,
509 970 555 1006 sicut
564 971 689 1006 Romanorum

70 1033 182 1071 Clementem
191 1032 261 1069 aPetro
270 1031 374 1069 ordinatum
382 1031 464 1068 itidem.'’
484 1031 560 1068 Nidlam
567 1031 621 1067 aliam
625 1031 689 1068 Eccle-

70 1094 114 1131 siam
123 1093 246 1142 Apostolicam
254 1092 360 1143 nominarit.
387 1091 449 1143 Quid?
462 1105 524 1129 nonne
534 1092 585 1129 novit
594 1092 688 1140 ignatium

69 1155 168 1203 Polycarpo
184 1153 240 1189 fuisse
257 1153 362 1189 seniorem?
383 1165 445 1188 nonne
462 1152 570 1188 existimavit
586 1153 605 1187 S.
613 1153 690 1187 Petrum

69 1214 124 1250 luisse
132 1212 236 1250 Antiochiae
243 1212 293 1260 prius
303 1224 358 1260 (piram
366 1212 442 1248 Romae?
457 1212 518 1249 Quare
525 1210 582 1258 igitur
590 1210 691 1247 Antioche-

70 1287 114 1310 nam
122 1273 223 1310 Ecclesiam
231 1276 250 1309 et
259 1272 370 1321 Episcopum
378 1273 416 1321 ejus
425 1271 519 1319 ignatium
531 1283 570 1308 non
582 1284 692 1309 commemo-

70 1334 132 1371 ravit?
158 1334 231 1383 Nempe
252 1336 264 1352 “
272 1329 340 1370 inerter
348 1334 360 1350 ’²
382 1336 401 1369 et
423 1335 434 1351 “
442 1332 530 1381 flagitiose
538 1333 550 1349 ”
570 1333 623 1369 fecit:
645 1336 694 1369 certe
753 1377 754 1380 Ἰ

70 1395 161 1431 Irenaeum
173 1394 255 1430 imitatus
268 1399 286 1430 et
299 1397 372 1430 secutus
385 1396 419 1430 est.
445 1393 534 1431 Quocirca
547 1393 563 1429 si
572 1394 612 1442 jam
626 1406 694 1441 quaeras
739 1435 742 1444 ἰ

71 1467 125 1502 quare
134 1455 214 1491 Irenaeus
223 1454 318 1502 Polycarpi
329 1454 419 1499 meminit,
428 1466 466 1490 non
479 1457 540 1490 autem
548 1454 617 1503 ignatii
622 1469 627 1499 5
641 1466 696 1491 causa

71 1515 91 1550 in
102 1518 188 1563 promptu
202 1517 235 1557 cst,
250 1513 293 1560 quia
306 1513 425 1550 traditionem
442 1515 497 1551 solius
509 1514 594 1551 Ecclesiae
607 1516 695 1560 Romanae

71 1576 193 1621 proposuerat,
211 1573 234 1609 ad
254 1585 308 1620 quam
329 1574 472 1610 confirmandam
488 1572 576 1611 adversus
593 1564 693 1612 Haeretioos

72 1630 169 1676 auctoritas
177 1632 273 1681 Polycarpi
280 1632 379 1681 plurimum
387 1633 470 1679 faciebat,
480 1634 549 1681 ignatii
557 1635 610 1671 nihil.
637 1636 693 1671 Hanc

72 1694 161 1730 rationem
174 1692 213 1741 ipse
226 1692 300 1729 indicat.
325 1693 345 1729 Is
353 1693 403 1738 caira,
412 1693 477 1741 iuquit,
489 1697 521 1739 est,
535 1695 565 1741 qai
576 1695 607 1730 rad
616 1694 692 1732 Aniceti]

73 1766 111 1790 cara
126 1755 223 1790 attrectaret
239 1755 259 1790 ia
272 1754 340 1799 11111611,
358 1755 421 1790 inultos
437 1766 459 1790 ar
473 1755 501 1790 laia
518 1766 560 1801 parca
575 1755 693 1802 predicamus

73 1816 162 1851 hereticos
177 1815 261 1851 corroert't
277 1816 296 1850 ia
312 1815 411 1850 Ecclesiam
424 1815 464 1858 Dei,
479 1826 532 1850 arraona
546 1818 564 1851 61
578 1816 633 1851 solua
647 1817 694 1852 aare

72 1877 165 1912 ceritatem
182 1876 291 1912 aararraciaue
309 1875 330 1911 cd
347 1875 437 1921 apostola
450 1875 550 1921 percepisse
566 1888 590 1921 sc,
608 1888 660 1922 pacm
676 1880 694 1912 61

73 1935 154 1973 Ecclesia
175 1936 256 1973 tradidit.
285 1935 315 1973 Ad
327 1935 478 1972 confirmandam
499 1936 587 1972 Romanae
607 1935 705 1973 Ecclesiae
747 1930 749 1933 ⁴
767 1921 770 1924 ι

74 1996 190 2033 traditionem
210 1996 283 2033 adducit
296 1996 416 2045 Polycarpum
435 2009 489 2044 quem
506 1996 544 2044 ipse
557 1996 632 2042 viderat,
648 1997 696 2045 quod

2 2063 5 2067 “
51 2096 53 2101 X
74 2055 187 2093 venerarfdus
199 2057 230 2093 ille
242 2069 297 2094 senex
309 2057 373 2094 Romae
386 2057 461 2102 adesset,
472 2057 520 2105 qrrod
532 2057 595 2094 eadem
608 2058 696 2094 611111116-

74 2116 133 2152 manis
141 2116 261 2165 praedicasset,
272 2117 320 2169 quod
328 2117 395 2154 multos
404 2129 426 2154 ex
437 2117 541 2163 Haereticis,
551 2124 615 2155 contra
624 2115 668 2166 quos
676 2118 697 2154 111

74 2175 116 2212 libri
129 2178 197 2213 exarati
208 2181 256 2221 sunt,
266 2178 289 2214 ad
298 2176 411 2214 Catholicarn
419 2178 477 2215 fidem
483 2180 547 2215 Romae
555 2178 668 2223 converterit,
678 2178 697 2215 61

75 2236 161 2274 Romanae
174 2238 260 2275 Ecclesiae
272 2236 420 2284 reconciliaverit,
432 2240 481 2286 qnod
489 2239 539 2287 ‚quid
553 2241 570 2277 S.
581 2236 661 2276 Joanncs
674 2239 698 2275 de

48 2344 50 2346 Ι
74 2295 359 2348 (1611111116161116111,(1111111116
371 2300 393 2337 de
406 2300 629 2346 Marcionetestatussit.
656 2301 696 2337 Ho-

75 2368 116 2393 rum
124 2371 166 2395 vero
173 2361 221 2396 nihil
229 2360 251 2396 de
260 2360 333 2409 Ignatio
342 2360 377 2396 dici
387 2361 453 2408 potuit.
480 2356 570 2408 Epistoloe'
576 2355 648 2408 quidem
658 2362 697 2409 ejus

76 2416 134 2455 obiter
140 2421 229 2467 meminit,
237 2421 269 2458 sed
275 2433 298 2458 116
308 2421 332 2468 μῦ
342 2433 363 2457 en
372 2421 404 2457 illa
413 2421 486 2458 adducit
490 2436 496 2467 5
506 2434 530 2458 116
538 2421 558 2458 id
567 2415 639 2469 quidem
647 2422 696 2469 dicit,

76 2487 116 2511 eam
128 2479 221 2517 continere
234 2480 311 2517 eandem
322 2477 439 2517 traditionem
448 2481 515 2528 quaein
523 2481 606 2517 Romana
614 2482 697 2518 Ecclesia

77 2534 160 2575 obtinuit.
186 2542 307 2592 Polycarpum
327 2541 388 2590 itaque
408 2540 450 2578 ideo
470 2545 543 2579 tantum
564 2541 631 2588 citarit,
643 2533 698 2591 *quod

77 2595 140 2633 Rornae
153 2600 216 2638 eadem
228 2615 271 2639 cum
283 2605 366 2646 Romana
377 2602 460 2640 Ecclesia
472 2603 558 2650 docuerit,
571 2596 700 2641 etHreretieis

77 2653 144 2692 ibidem
152 2660 245 2700 restiterit.
259 2664 300 2702 Nec
309 2666 347 2701 erat
356 2666 368 2683 “
372 2663 466 2712 utriusque
475 2664 582 2702 nominandi
589 2677 623 2713 par
630 2660 698 2703 ratio.”
