1747 2957
175 183 210 218 130
324 203 325 206 =
347 194 474 222 0000000000
486 194 498 221 0
510 193 622 222 00000000

176 286 294 334 “Epistolam
302 286 397 335 Polycarpi
405 288 453 324 iuter
462 287 571 335 Apocryplra
579 286 646 323 nullius
655 285 703 334 aprrd
713 297 732 323 se
743 282 796 335 pretii

176 357 229 383 oense
240 346 256 382 .”
282 347 335 384 Inter
341 347 450 396 Apocryplia
461 347 534 396 quidem
545 350 635 393 numerat,
644 346 676 384 sed
684 344 736 397 cujus
744 346 797 397 pretii

177 407 226 457 apud
237 420 256 445 se
267 407 323 446 luerit
334 408 385 447 nullo
393 408 447 447 modo
455 408 529 447 indicat.
554 409 580 446 At
591 421 645 446 nemo
653 406 735 458 unquam
742 408 797 457 Poly-

178 469 228 517 carpi
232 469 334 517 Epistolam
340 473 372 506 ant
380 482 413 518 pro
418 470 503 507 haeretica
511 472 543 506 aut
551 482 583 518 pro
592 469 635 507 ficta
641 469 727 507 habuisse
736 469 797 517 depre-

177 528 275 573 henditur3
289 530 404 577 Nicephorus
419 530 480 577 itaque
494 530 560 567 Dallaei
574 530 613 566 sine
627 531 665 566 ullo
679 529 798 565 fundamento

177 600 211 636 pro
224 587 258 624 tali
273 587 359 625 habuisse
373 586 451 634 dicitur,
469 593 488 626 et
504 589 618 637 iniquissime
632 592 732 634 accusatur,
747 600 768 625 ao
783 588 799 624 si

178 648 255 687 volucrit
264 660 303 686 eam
312 649 417 697 Epistulam,
428 661 467 698 quae
476 652 515 687 tam
524 649 554 687 diu
568 649 589 688 in
597 649 646 688 Asiae
655 652 744 688 conventu
752 648 799 686 lecta

178 710 244 755 irrorat,
258 723 269 747 a
280 709 353 758 publica
364 710 445 747 omnium
453 710 576 748 Ecclesiamm
589 712 630 749 luce
643 724 740 749 remouere.
767 712 799 747 Se-

85 778 133 812 Liaer,
141 770 244 815 00000010,
255 768 328 819 Artaxat
342 767 457 812 ἀποστόλων,
472 782 558 807 versuum
572 772 614 817 200,
630 771 678 809 inter
690 772 800 820 Apocrypha

86 817 146 889 {53⁰ssssss
178 823 291 868 numeratur.
312 830 344 866 Au
351 829 408 877 igitur
415 841 454 866 eam
462 833 551 878 tanquam
558 824 641 879 pessimae
649 837 698 869 notae
706 832 799 882 scriptum,

85 889 150 919 ’namt-
179 890 202 926 ab
211 890 293 926 Ecclesia
303 889 376 938 penitus
385 890 515 926 eliminandam
529 891 600 927 censuit
609 892 743 929 Stichometriae
750 892 799 928 000-

87 934 118 957 aaa.
178 952 220 988 tor?
243 949 341 989 Quodnam
348 950 404 1000 hujus
410 941 492 987 censurae
499 951 593 997 indicium,
600 963 640 999 quae
647 952 694 989 ratio
703 948 800 1000 excogitari

179 1012 252 1061 potest?
278 1011 307 1049 Ab
315 1011 352 1048 illis
361 1024 401 1060 qnae
409 1011 432 1048 ab
439 1007 536 1049 Haereticis
543 1006 622 1050 conficta
631 1016 679 1058 sunt,
688 1016 760 1061 separat
765 1013 800 1049 000

180 1074 231 1122 Opus
239 1072 337 1109 Eusebius.
362 1072 444 1120 Magnus
452 1072 564 1110 Athanasius
572 1073 593 1109 in
601 1072 684 1120 Epistola
692 1071 801 1122 ἑορταστικῇ

180 1136 266 1170 numerat
276 1132 365 1169 intereos
378 1131 434 1169 libros
446 1144 490 1181 quos
504 1132 537 1169 SS.
546 1132 610 1169 Patres
620 1131 694 1182 praelegi
704 1131 801 1170 'voluerunt

182 1193 329 1240 Oateclmmenis,
338 1196 360 1230 00
367 1193 411 1231 inde
419 1193 493 1242 pietatis
501 1194 591 1231 rationem
599 1197 728 1243 cognoscerent
733 1193 743 1231 f.
794 1221 796 1223 .

207 1255 275 1301 Tertio,
284 1267 368 1304 quaenam
379 1253 448 1291 tuerint
458 1254 491 1291 illa
499 1254 619 1301 Clementina,
629 1267 669 1303 quae
679 1255 700 1292 in
707 1250 743 1292 hoc
751 1254 803 1291 Iudi-

183 1317 224 1353 culo
238 1321 362 1352 memorantur
375 1328 414 1352 non
426 1317 479 1352 docet
492 1317 582 1352 Dallaeus:
595 1320 647 1352 uocat
659 1316 732 1363 quidem
739 1316 803 1351 aaaron

91 1385 119 1420 00
127 1386 157 1415 sina
185 1377 277 1414 00000000
285 1376 339 1414 ursii.
354 1375 392 1413 Sed
400 1376 475 1424 qrnnam
484 1375 556 1413 000000
564 1375 617 1414 Libri
630 1376 653 1412 32
667 1375 698 1424 qui
707 1375 802 1421 Clementi,

90 1424 139 1454 ‘Libri
146 1424 176 1454 (Μ’
182 1441 248 1488 praeter
261 1450 291 1475 eos
305 1436 336 1486 qui
350 1437 371 1475 in
385 1436 469 1474 indiculo
486 1432 568 1486 superius
583 1436 713 1484 memorantur,
729 1437 804 1475 attribui

90 1466 167 1530 01106001Ϋο
183 1500 268 1545 solerent,
280 1498 367 1534 nefando
376 1498 471 1546 quisquam
484 1497 543 1534 adhuc
555 1497 630 1535 audivit
657 1497 706 1535 Quid
718 1497 776 1546 igitur
789 1498 804 1534 si

89 1538 171 1605 ffihme'
182 1573 215 1607 pro
223 1571 234 1595 Λ
242 1571 252 1594 n
260 1559 341 1606 legamus
352 1567 366 1594 A
374 1567 393 1603 Β,
408 1559 425 1605 (n
433 1557 482 1594 enim
491 1562 509 1593 ct
518 1571 529 1594 a
538 1570 585 1605 saepe
593 1558 614 1593 in
622 1558 680 1593 MSS.
690 1558 804 1594 contrudun-

92 1628 169 1666 (00000-
182 1619 220 1669 tur)
233 1622 252 1656 et
264 1618 308 1656 duas
319 1618 418 1656 Clementis
430 1617 522 1667 Epistolas
536 1615 685 1666 intelligamns‘ss?
699 1616 744 1655 tnnc
756 1617 805 1655 enim

90 1668 176 1741 {ffefflw‘
183 1685 202 1718 00
209 1678 272 1718 ucrsus
288 1679 337 1717 2600
349 1679 386 1715 illis
399 1679 443 1715 satis
456 1678 504 1715 bene
514 1678 634 1726 quarlrabunt,
648 1678 698 1727 [nam
709 1681 805 1727 utramque

184 1741 238 1780 simul
246 1733 338 1790 sumptam
346 1752 388 1778 cum
395 1739 434 1789 jam
441 1739 518 1788 integrae
523 1743 589 1787 essent,
598 1739 805 1789 aequasse-Euangelium

184 1802 284 1840 secrmdum
299 1802 375 1847 Lucam,
395 1800 425 1838 cui
441 1800 518 1838 totidem
534 1800 588 1850 plane
604 1812 667 1838 uersus
684 1799 805 1847 0000000000,

184 1864 242 1914 quiris
259 1862 352 1911 concedet)
369 1866 388 1899 00
405 1859 505 1911 genuinum
520 1861 624 1900 Clementis
636 1862 687 1910 Opus
703 1861 805 1910 ignatianis

185 1920 292 1973 adjunctum
305 1923 419 1968 habebimus,
434 1922 483 1971 quod
496 1935 518 1958 ea
529 1922 597 1969 pariter
610 1934 622 1958 a
634 1921 762 1970 suppositionis
772 1921 806 1958 cri-

141 1984 143 1990 ’
185 1978 236 2022 mine
251 1983 342 2022 liberabit.
376 1981 465 2029 amtor,
486 1981 535 2032 quod
551 1981 629 2019 Hermas
646 1994 688 2019 cum
704 1980 807 2031 Ignatianis

187 2045 297 2091 nominetur,
303 2044 367 2093 negari
375 2056 413 2081 non
418 2056 470 2093 posse
477 2044 547 2090 uolunt,
553 2043 598 2093 quin
604 2043 736 2093 “Nicephorus
744 2043 807 2081 eadem

187 2101 272 2144 habuerit
280 2117 313 2154 pro
321 2104 376 2149 falsis,
385 2104 465 2152 adeoque
473 2104 520 2141 fictis
532 2107 551 2141 ct
563 2104 646 2152 spuriis.”
672 2106 714 2141 Imo
722 2117 764 2141 vero
772 2106 808 2141 hoc

188 2165 252 2214 negari
259 2164 314 2214 idque
323 2164 365 2212 jure
373 2162 442 2211 optimo
452 2165 519 2211 potest,
531 2163 546 2200 si
553 2163 718 2201 vetustissimorum
727 2163 807 2201 doctissi-

188 2238 296 2274 morumque
312 2224 333 2261 in
351 2222 432 2261 Ecclesia
451 2223 564 2271 Scriptorum
584 2223 680 2260 sentcntiae
697 2223 808 2261 animadver-

160 2279 162 2281 ’
188 2291 257 2333 tantm,
270 2298 315 2335 qrros
328 2287 411 2321 secutum
422 2283 478 2320 tuisse
486 2283 586 2321 Auctorem
595 2281 727 2321 Stichometriae
735 2274 772 2333 ¹par
780 2289 808 2323 est

188 2350 266 2387 credere.

97 2416 111 2445 S⁴
120 2415 172 2444 Irenaei
213 2411 260 2450 Quae
267 2409 323 2447 fuerit
332 2409 351 2446 S.
359 2406 426 2446 irenaei
431 2407 454 2444 de
460 2406 535 2444 Hermae
542 2397 589 2443 libro
596 2405 692 2452 sententia,
702 2406 724 2444 ab
730 2406 809 2445 Eusebio

96 2453 182 2522 flssffffle
189 2471 341 2517 observatumest,
349 2469 400 2507 Hist.
407 2468 476 2507 Ecclcs.
484 2468 497 2504 l.
504 2480 521 2505 v.
530 2479 545 2504 0.
555 2469 572 2504 8,
586 2464 606 2503 οὐ
615 2464 670 2514 μόνον
678 2464 698 2503 δὲ
704 2465 751 2506 οἶδεν
759 2466 809 2507 ἀλλὰ

97 2532 146 2562 tentia.

208 2582 216 2627 ξ
222 2582 272 2611 musea.
284 2581 304 2611 Η.
316 2581 332 2611 E.
343 2581 364 2610 iii.
376 2581 398 2610 25Δ
417 2579 486 2609 Athenas.
512 2572 558 2614 detur,
564 2577 596 2616 ,alia
602 2581 636 2607 mor
642 2577 719 2609 substituta
727 2580 786 2619 propius
792 2580 810 2610 ad

180 2688 182 2691 .
189 2619 367 2695 Eldsdddstddcddtddri
374 2656 464 2705 srrpersedere
469 2656 488 2690 u-
513 2617 572 2685 fiuleiid
578 2655 660 2693 legendum,
669 2657 678 2673 “
683 2656 751 2691 000000
