1747 2957
191 191 228 228 268
381 200 508 230 mcurmuruu
522 197 629 229 nnelrrvuu

192 293 246 340 bique
258 294 351 341 ignatium
366 294 472 329 neminavit.
497 294 542 329 Non
554 292 610 340 igitur
625 290 715 326 0111101111
728 274 814 334 llcclesia,

192 366 231 390 nou
243 353 351 391 diuturnum
363 354 457 391 silentimn
466 354 507 390 1111.
532 351 619 401 Epistulae
633 351 652 387 S.
660 349 729 397 Ignatii
742 349 765 387 ab
776 347 815 398 ipso

193 428 256 451 earum
267 420 309 452 ortu
321 419 340 453 et
352 419 400 452 notae
415 419 433 452 et
444 415 523 451 illustres
537 414 617 457 fuerunt,
626 415 722 460 postquam
735 411 815 459 genuino
863 410 874 460 ξ

193 475 281 524 Martyris
290 475 348 523 fcetui,
357 489 395 513 non
403 475 497 521 Eusebius,
505 473 537 511 sed
546 474 564 511 S.
570 472 679 521 Polycarpus
688 468 817 509 obstetricatus'

194 540 226 571 est.
253 537 281 572 Ex
294 549 329 584 quo
342 538 381 585 ejus
393 536 475 583 Epistola
488 535 511 571 ad
522 533 646 581 Philippenses
657 532 700 567 data
710 532 731 567 in
743 531 816 578 publico

194 595 243 633 Asia
251 599 342 633 conventu
350 594 464 643 personabat,
474 593 572 643 lgrratiana
581 597 678 641 tantopere
690 590 817 628 commendata

194 656 250 692 latere
258 656 309 693 1111110
317 656 372 692 mode
384 659 488 703 potuerunt.
514 656 592 692 Nullum
604 654 661 703 igitur
669 653 698 690 hic
712 652 804 689 silentium
810 668 815 697 ;
867 680 874 702 „5

194 717 265 753 nullum
274 716 358 764 negantis
367 717 471 763 ar'gumenti
479 716 626 753 firndamentum,
870 703 874 709 ι

102 786 161 814 Sumne
178 822 182 828 =
220 777 295 813 Summa
308 776 419 824 Argumenti
433 789 444 812 a
458 775 504 813 Viro
518 775 622 812 doctissimo
636 775 720 824 producti
732 775 771 811 lnce
783 777 816 811 011,

102 823 182 889 ffiffil'
196 836 216 873 Si
223 837 270 874 verae
279 840 339 873 essent
349 837 378 873 hae
386 836 455 884 Ignatii
465 835 557 883 Epistolae,
566 847 592 871 eae
600 835 677 871 fuissent
684 835 727 871 viris
736 834 816 879 eruditis,
867 837 873 852 ³

195 897 268 934 Justino
284 896 372 946 inprimis,
389 900 407 933 et
421 896 497 941 Irenaeo,
513 898 531 932 ct
548 894 640 932 Clementi
653 894 783 940 Alexandrino,
799 898 817 931 et

194 958 312 1003 Tertulliano,
326 961 344 994 et
359 957 398 993 aliis
413 957 494 1005 ejusdem
508 967 572 992 census
586 955 640 1003 atque
654 955 687 992 aeri
701 954 817 1003 scriptoribus

194 1017 334 1066 cognitissima:
352 1017 383 1054 sed
394 1017 437 1055 viris
451 1017 487 1054 illis
498 1016 624 1054 eruditissimis
637 1016 714 1064 cognitae
726 1028 765 1053 non
778 1015 817 1052 1110-

193 1081 248 1115 runt:
266 1077 388 1126 ergclgnatii
395 1077 538 1126 Epistolaeverre
550 1080 649 1114 1101111111,
675 1077 772 1114 Trrmvero
784 1089 818 1126 pro

194 1152 279 1176 concesso
293 1139 355 1185 sumit,
371 1152 404 1175 nos
417 1138 464 1175 illud
476 1151 535 1175 unum
547 1142 651 1186 negaturos,
665 1138 737 1185 ignotas
750 1137 818 1174 scilicet
870 1144 874 1181 ζ

193 1200 306 1235 111111011111
320 1199 357 1235 illis
370 1199 403 1235 has
418 1198 515 1246 Epistolas.
545 1197 571 1234 At
584 1209 617 1233 nos
633 1197 668 1232 duo
681 1196 712 1232 hic
725 1209 817 1243 negamus,
873 1192 874 1197 ¹

194 1258 279 1306 primum,
289 1259 305 1294 si
314 1258 399 1294 dustinus
407 1257 454 1294 forte
466 1261 497 1293 aut
511 1257 594 1294 Clemens
607 1259 639 1293 aut
651 1255 774 1292 Tertullianus
787 1260 818 1292 aut
872 1253 873 1256 ¹

194 1318 215 1355 hi
227 1319 289 1355 omnes
303 1317 372 1366 Ignatii
384 1317 476 1366 Epistolas
492 1317 617 1365 ignorassent,
626 1317 817 1366 Polycarpus'autem,

195 1378 254 1424 Philo,
263 1378 377 1427 Agathopus,
390 1378 506 1426 Theophilus,
518 1377 604 1423 irenaeus,
619 1377 712 1425 Origenes,
721 1377 758 1413 illis
771 1377 818 1413 anti-

196 1438 267 1486 quiores
280 1441 312 1473 aut
323 1449 385 1474 eorum
396 1437 494 1485 synchroni
506 1437 603 1484 novissent,
612 1437 663 1472 nullo
674 1436 728 1473 mcdo
737 1436 819 1484 sequitur

194 1498 227 1534 1101
239 1496 329 1545 Epistoles
342 1495 411 1543 Ignatii
423 1509 474 1533 10101
487 1509 525 1532 non
539 1495 604 1532 firissc:
621 1497 750 1544 consequentia
762 1497 819 1544 igitur

195 1561 269 1595 tantum
277 1561 305 1594 est
312 1557 417 1605 probabilis,
426 1570 464 1594 non
472 1556 577 1594 necessaria
592 1557 675 1594 Secundo
683 1558 724 1595 loco
730 1562 820 1606 'negamus

195 1619 267 1666 ignotas
275 1617 330 1654 fuisse
342 1617 378 1654 illis
386 1617 429 1654 viris
438 1617 471 1654 has
482 1618 578 1666 Epistulas,
587 1618 641 1666 idque
650 1618 673 1655 ob
683 1618 727 1655 duas
734 1619 819 1665 rationes,

195 1683 236 1715 tum
245 1678 294 1727 quod
305 1678 378 1727 probari
388 1680 482 1726 nunquam
495 1691 548 1727 posse
559 1681 645 1726 putamus
658 1691 688 1715 eos
697 1691 759 1716 revera
767 1680 822 1726 igno-v

195 1750 250 1782 rasse,
260 1742 300 1774 tum
309 1738 357 1785 quod
365 1738 436 1774 meliori
442 1738 486 1785 jure·
492 1749 525 1774 1101
534 1738 635 1785 colligimus
644 1750 674 1774 cos
683 1738 743 1786 potius
752 1739 820 1787 optime

196 1798 271 1834 novisse.
285 1797 325 1834 Illae
332 1797 383 1834 enim
389 1797 484 1845 Epistolae,
491 1811 530 1846 quae
538 1799 644 1847 Polycarpo,
653 1799 732 1846 Philoni,
739 1800 820 1848 Agatho-

196 1858 244 1907 podi,
258 1858 365 1906 Theophilo,
379 1859 455 1904 Irenaeo,
469 1862 487 1895 et
501 1858 577 1906 Origeni
589 1863 638 1895 notae
650 1859 731 1905 luenmt,
741 1860 819 1907 tustino,

197 1919 294 1965 Clementi,
311 1919 424 1956 Tertulliano
442 1919 516 1967 aliisque
537 1919 619 1967 ejusdem
637 1931 701 1956 census
718 1924 772 1969 atque
788 1922 828 1958 aeri
853 1909 855 1912 ⁵

197 1980 315 2028 scriptoribus
334 1984 373 2017 non
388 1980 474 2017 videntur
489 1981 587 2026 incognitae
603 1981 670 2016 firisse.'
699 1982 735 2017 Sed
751 1982 821 2029 Ignatii

197 2039 284 2087 Epistolae
298 2039 339 2085 illis,
353 2043 374 2076 ut
389 2039 429 2077 fuse
445 2039 562 2087 ostendimus,
575 2042 624 2078 notae
636 2040 716 2078 fuerunt.
742 2041 791 2090 Ergo
803 2045 822 2080 et

198 2099 233 2135 his.
258 2101 283 2135 Et
298 2100 313 2135 si
326 2101 347 2136 in
359 2100 425 2136 horum
438 2101 527 2148 Operibus
544 2113 584 2150 qua
600 2114 649 2138 nuuc
666 2103 738 2139 exstant
751 2102 821 2140 mentio

198 2160 265 2195 harum
273 2159 400 2207 Epistularum
411 2161 463 2195 nulla
475 2161 524 2196 facta
535 2165 567 2205 est,
576 2162 616 2197 fieri
627 2165 691 2198 tamen
702 2166 762 2210 potest
772 2163 821 2200 utin

198 2219 235 2256 illis
244 2232 284 2268 quac
295 2219 393 2268 perierunt,
403 2220 465 2267 'qualia
474 2219 530 2257 brisse
541 2221 673 2269 quamplurima
686 2222 756 2269 scimus,
766 2224 821 2272 Igna-

199 2279 250 2315 tiana
258 2282 400 2316 commemorata
411 2279 453 2325 sint,
463 2280 615 2327 quemadmodum
623 2281 645 2318 ab
654 2281 676 2317 iis
685 2282 729 2330 quos
738 2284 822 2320 nomina-

199 2338 258 2376 vimus
273 2339 445 2376 commemorantur.
470 2337 524 2376 Quod
537 2339 552 2375 si
564 2352 623 2389 neque
635 2340 656 2376 in
668 2340 721 2378 editis
732 2355 792 2392 neque
801 2343 822 2380 in

199 2396 298 2455 deperditis
311 2398 340 2436 illi
352 2398 451 2449 Ignatianc
467 2403 602 2448 memorassem,
617 2414 641 2439 ne
655 2402 681 2439 sic
698 2402 771 2452 quidem
784 2403 822 2441 ullo

198 2460 252 2498 modo
261 2460 347 2509 seqnitur,
357 2473 387 2498 eos
395 2461 469 2510 penitus
477 2460 510 2497 illa
517 2461 627 2509 ignorarisse
636 2476 676 2512 quae
686 2463 718 2500 alii
726 2468 820 2501 1101011111.
830 2472 832 2479 ’

198 2521 264 2566 Neque
276 2521 326 2557 enim
334 2533 396 2557 eorum
409 2520 488 2568 cuipiam
496 2521 516 2555 in
529 2521 589 2557 animo
601 2522 714 2575 1111011101
727 2525 822 2572 scriptores

199 2578 333 2626 Ecclesiasticus
342 2584 373 2616 aut
382 2580 437 2616 etiam
449 2579 528 2616 maxime
540 2582 663 2629 praecellentes
675 2582 775 2621 1101011010.
802 2582 822 2620 Si

201 2640 278 2689 denique
291 2640 311 2677 hi
326 2653 355 2679 eas
369 2642 421 2689 forte,
435 2645 466 2679 aut
477 2641 543 2679 horum
557 2642 621 2692 aliquis
635 2643 730 2693 ignorarit,
741 2648 773 2681 aut
784 2656 822 2681 non
