1747 2957
186 200 223 236 206
386 211 510 240 rusrmouimi
523 212 536 239 s.
546 210 614 238 murm

94 312 159 358 Epistola
213 304 267 342 Qriod
280 304 330 342 addit
339 305 373 343 Vir
385 305 505 351 doctissimus,
514 305 605 342 Irenaeum
614 304 635 340 in
643 304 726 352 Epistola
737 303 760 340 ad
768 304 809 341 Elo-

94 350 174 419 ξζζζῃῗιξι
188 365 250 402 riuum
258 366 354 417 Polycarpi
361 367 474 404 mentionem
482 365 550 411 fecisse,
559 378 597 402 non
606 368 668 402 autem
674 364 749 413 ignatii,
759 365 810 413 cujus

188 426 275 476 Epistola
291 428 351 465 multa
365 431 429 465 contra
440 427 510 465 Elon'ni
526 426 658 475 blasphemiam
672 425 773 471 continent,
790 425 810 462 id

189 482 263 524 omnino
271 489 309 524 vim
316 490 387 524 nullam
395 490 456 524 habet.
482 487 598 536 Blasphemia
607 499 661 535 quam
669 490 715 522 tunc
723 486 810 534 temporis

160 582 162 588 .
188 548 275 586 tuebatur
286 549 371 586 Elorinus
383 549 419 598 ipsi
431 548 526 597 peculiaris
536 548 577 594 luit,
586 549 650 596 utpote
659 559 712 596 quam
722 545 810 583 Haeretici

184 603 221 657 'qui
237 616 288 646 extra
306 610 407 647 Ecclesiam
424 614 482 657 crant,
498 622 593 658 uurrquam
611 608 692 657 profiteri
709 609 749 645 ausi
766 608 809 645 sint.

96 674 177 720 telenum·
189 670 255 707 Postea
271 670 350 718 quidem,
367 673 415 716 teste
431 670 517 716 Eusebio,
533 670 608 707 desciuit
625 670 648 707 ad
663 668 809 707 Valentinianos

96 714 169 787 {¹}ss&ssss
189 730 271 777 Epistola
282 733 343 765 autem
356 730 422 765 irenaei
433 731 561 767 tautummodo
573 742 606 778 pro
619 734 727 778 argumento
739 729 809 774 habuit,

96 788 171 817 fssssluttssb
188 789 241 836 quod,
253 789 301 826 Deras
313 800 348 826 arca
362 789 386 825 aar
399 792 460 826 auctor
475 790 566 836 νιαίονιινι,
578 802 622 827 nam
633 790 677 827 licet
689 790 735 827 alter
745 789 810 827 titulus

188 847 235 900 Περὶ
247 848 347 901 μοναρχίας
362 850 457 888 ostendero
470 850 554 888 videatur
567 851 662 888 Illorinum
676 853 711 889 duo
722 851 811 901 principia

187 911 282 953 irrresisse,
297 915 315 948 et
328 912 428 948 Marcionis
446 924 466 948 ac
479 912 567 949 Cerdonis
581 912 696 960 dogmatibus
709 913 809 959 adhaesisse,

187 975 209 1008 ut
221 972 304 1009 observat
317 972 432 1009 doctissimus
443 964 528 1009 Valesius
532 988 538 1018 ς
551 976 615 1010 tamen
627 985 667 1009 cum
677 973 759 1010 irenaeus
772 973 810 1021 ipse

188 1033 273 1079 dogmata
278 1033 348 1068 Elorini
357 1037 426 1069 asserat
434 1033 457 1069 ab
463 1033 560 1070 Haereticis
569 1046 664 1081 nunquam
672 1033 728 1070 fuisse
736 1034 810 1079 tradita,

187 1096 206 1128 et
219 1092 309 1130 Eusebius
325 1092 385 1138 addat,
401 1090 466 1139 ταύτης
478 1091 514 1144 (γάρ
526 1107 554 1130 τοι
566 1093 598 1141 τῆς
610 1091 685 1141 γνώμης,
695 1092 745 1135 οὗτος
755 1091 811 1132 ἐδόκει

187 1153 312 1204 προασπίζειν,
327 1154 400 1192 ridetur
413 1155 494 1191 irenaeus
509 1154 531 1191 de
545 1154 577 1191 illa
590 1158 695 1191 retentum
710 1155 811 1204 disputasse

188 1215 273 1254 adversus
282 1216 387 1254 Elorinum:
399 1216 430 1254 An
443 1216 512 1253 scilicet
520 1216 571 1253 Deus
584 1220 647 1254 auctor
659 1220 705 1254 esset
715 1216 810 1254 malorum.

188 1277 215 1312 At
221 1290 275 1324 quam
283 1277 341 1313 multa
348 1289 413 1323 quaeso,
421 1277 444 1312 ad
452 1276 584 1323 blasphemiam
592 1278 612 1312 in
619 1290 640 1312 ea
647 1289 667 1312 re
675 1277 810 1312 retundendam

189 1339 291 1385 opportuna
305 1336 393 1386 Epistola
407 1336 477 1385 Ignatii
488 1337 598 1374 continent?
617 1341 648 1374 aut
661 1338 677 1374 si
690 1338 813 1383 continerent,

189 1397 238 1434 unde
250 1397 313 1434 liceret
322 1397 407 1444 colligere
418 1397 518 1434 sententias
531 1409 553 1434 en
561 1396 585 1433 ils
594 1397 617 1433 ad
625 1397 745 1434 refellendum
753 1397 811 1434 Elori-
834 1398 835 1403 ’

189 1470 235 1494 num
244 1469 338 1506 excerpere
346 1457 424 1494 voluisse
433 1457 537 1494 irenaeum?
563 1457 617 1494 Certe
630 1457 652 1494 ab
664 1458 744 1507 exemplo
757 1459 812 1507 Pol)a

189 1518 239 1566 carpi
250 1518 286 1554 hoc
293 1517 345 1554 nullo
353 1517 407 1554 modo
420 1517 507 1565 sequitur.
534 1517 599 1554 innuit
613 1518 686 1566 quidem
696 1513 738 1555 eum
750 1518 811 1566 plures

189 1577 280 1626 Epistolas
297 1577 399 1625 scripsisse,
417 1589 440 1613 ne
457 1589 513 1613 unam
530 1589 552 1614 ex
569 1588 631 1613 carum
648 1577 686 1614 ulla
700 1578 810 1615 sententiam

189 1637 268 1675 adducit.
287 1637 352 1686 Ipsum
360 1635 449 1683 nominat,
459 1635 491 1674 sed
499 1648 520 1674 eo
526 1636 566 1675 loco
575 1650 611 1686 quo
619 1635 749 1689 πεφεισμένως,
754 1651 811 1686 parce

190 1712 210 1737 ac
222 1700 288 1745 leviter,
302 1712 344 1735 cum
352 1698 426 1736 Elorino
440 1698 483 1746 agit,
493 1711 528 1746 quo
541 1699 621 1735 ostendit
630 1700 714 1736 Seniores
727 1700 812 1748 quicum

189 1760 283 1809 Apostolis
295 1759 362 1798 versati
374 1762 418 1797 sunt
430 1758 478 1797 nihil
489 1759 527 1796 tale
539 1772 580 1797 eum
589 1759 676 1798 docuisse.
701 1761 771 1798 Eorum
779 1761 811 1797 ali-

190 1821 256 1869 quibus
273 1820 382 1857 familiarem
396 1821 451 1857 fuisse
471 1820 566 1857 Elorinum
578 1825 665 1864 nouerat3
678 1834 737 1858 rmum
751 1834 773 1857 ex
789 1821 812 1857 iis

157 1888 160 1889 ’
190 1879 278 1926 nominat,
294 1892 359 1928 nempe
376 1880 497 1929 Polycarpum
502 1895 507 1925 3
521 1892 599 1927 eumque
612 1879 702 1928 praecipue
716 1881 776 1928 seligit
789 1881 812 1918 ob

191 1941 257 1978 multas
267 1954 310 1990 quas
319 1940 410 1989 significat
417 1941 503 1977 rationes.
529 1941 596 1986 Primo,
605 1945 689 1988 respectu
697 1942 772 1988 Elorini,
782 1942 813 1990 qui

191 2001 311 2050 Polycarpum
320 2002 406 2046 audierat,
416 2002 472 2038 sedet
481 2014 522 2038 cum
531 2014 552 2038 eo
561 2000 615 2038 simul
620 2000 706 2047 Irenaeus,
716 2000 769 2039 Εἶδον
778 2001 813 2053 pdp

192 2075 219 2103 oe,
228 2061 294 2108 iuquit,
303 2062 345 2104 nais
354 2060 378 2098 ὢν
386 2059 413 2098 ἔτι
422 2061 441 2098 ἐν
449 2063 470 2109 τῇ
481 2060 530 2099 κάτω
538 2060 595 2111 Ἀσία
603 2060 655 2111 παρα
662 2064 688 2112 τῷ
696 2061 813 2114 Πολυμάρπῳ

192 2122 280 2168 λαμπρῶς
288 2119 392 2170 πράττοντα
401 2120 419 2158 ἐν
427 2122 449 2168 τῇ
462 2121 554 2168 βασιλικῇ
563 2120 615 2168 αὐλῇ,
624 2121 655 2157 aab
663 2121 773 2171 πειρώμενον
787 2122 813 2160 εὐ-

192 2179 272 2228 δοκιμεῖν
280 2177 322 2229 παρ’
331 2178 393 2229 αὐτῷ
414 2179 455 2216 Vidi
468 2181 518 2216 epira
527 2184 544 2217 tc
559 2192 598 2217 cura
607 2181 664 2218 αιίίιαο
674 2193 720 2228 puer
728 2194 782 2219 esserra
795 2185 814 2220 ιἰι

192 2242 211 2278 ia
219 2241 273 2278 eriora
281 2240 328 2277 Asia
337 2240 385 2288 apud
392 2239 517 2287 Polycarpum,
527 2240 616 2287 splendide
625 2236 732 2289 operaturam
737 2245 814 2290 prolatio,

192 2306 209 2339 et
225 2312 330 2349 aacpaoperu
347 2299 455 2336 laborantem
471 2302 491 2336 at
507 2302 524 2336 te
538 2300 566 2336 aaa
583 2301 695 2349 approbares.
722 2304 813 2350 Secundo,
841 2350 843 2354 y

191 2365 274 2411 respectu
283 2361 312 2398 sui
320 2361 383 2410 ipsius,
390 2372 444 2408 quem
450 2363 538 2409 tanquam
546 2361 635 2410 optimum
644 2363 703 2412 ejusce
711 2364 739 2400 rei
747 2367 814 2402 testem

192 2423 279 2471 depingit,
286 2422 335 2469 quod
344 2434 383 2469 quae
389 2424 434 2457 tunc
443 2421 511 2457 audivit
520 2423 635 2471 aPolycarpo
644 2424 713 2460 firmius
722 2426 814 2461 memoriae
855 2429 856 2432 ’

192 2483 311 2528 adhaererent,
325 2494 379 2531 quam
397 2493 437 2529 qua
453 2492 511 2529 nuper
523 2481 630 2520 acciderant.
656 2483 718 2522 Ταῦτα
730 2482 761 2520 καὶ
773 2482 814 2521 τότε

193 2541 295 2585 σπουδαίως
303 2542 368 2592 drocen
380 2539 565 2591 ὑπομνηματιζόμενος
578 2543 610 2582 οὐκ
619 2544 637 2582 ἐν
645 2543 705 2596 papea
714 2544 756 2583 ἀλλ’
765 2546 783 2584 ἐν
792 2547 815 2596 τῇ

193 2605 226 2654 ἐμῇ
235 2603 304 2656 καρδία,
314 2603 345 2642 καὶ
353 2604 381 2642 ἀεὶ
394 2602 440 2642 αὐτοὶ
453 2601 598 2654 ἀναμηρυιιῶμαι,
623 2607 666 2643 Hae
679 2620 710 2654 epo
723 2611 763 2644 acac
777 2611 793 2644 st
807 2629 814 2636 -

193 2667 259 2702 dicatas
276 2665 373 2711 aradiebaaa,
387 2678 421 2702 ιιοιι
437 2666 457 2701 ta
474 2665 536 2701 crarta
551 2666 583 2702 'sed
597 2666 617 2702 ιἰι
630 2667 681 2704 corde
698 2679 735 2704 ιιιοο
753 2668 815 2704 carlito
