1679 2935
227 217 250 245 iu
263 214 401 245 ournouonrnos
413 214 544 244 indicturus.
659 208 694 245 211

75 309 202 358 postularunt?
229 308 250 344 Si
264 308 306 345 huic
321 306 416 355 quaestioni
432 305 541 354 respondere
558 317 591 353 pro
607 306 696 354 Dionysio

76 383 108 408 suo
124 370 212 418 potuisset
229 368 328 413 Maximus,
347 366 501 415 quemadmodum
517 364 646 412 respondemus
664 378 697 412 pro

76 430 155 478 ignatio,
165 442 186 466 ea
193 426 312 476 proculdubio
322 426 420 475 responsio,
430 425 529 474 Origenem
538 425 606 462 scilicet
614 429 632 462 et
641 425 698 461 Husc-

76 491 128 527 bium
136 491 174 539 ey'us
187 488 254 525 diserte
264 486 375 532 memirnsse,
383 498 416 534 pro
424 486 517 523 frustanea
529 497 624 534 nunquam
634 484 698 523 habita

76 551 147 588 luisset.
172 550 208 587 Pro
220 547 285 585 iisdem
293 546 426 596 Areopagitiois
435 547 526 596 Hypatius
538 546 641 595 Ephesinus
654 547 698 595 Epi-

77 623 140 659 scopus
149 611 171 647 B.
180 608 244 657 Cyrilli
253 611 271 644 et
280 607 302 644 B.
308 607 405 644 Athanasii
413 606 517 655 requirebat
525 607 637 652 testimonia,
647 607 698 643 addi-

77 671 145 719 ditque,
155 670 176 707 st
188 672 246 706 ootoo
259 669 317 705 attilas
332 680 354 704 eo
367 668 445 716 antiquis
456 668 560 704 recordatos
574 671 600 704 est
613 680 640 711 eo,
652 668 698 704 orado

22 719 29 734 ⁸
77 744 122 767 norro
132 729 208 777 potestis
223 728 319 776 ostendere,
335 729 376 777 poio
390 729 439 766 idios
452 729 493 775 rint,
507 729 570 766 neseio.
603 728 697 766 Habemus

77 791 145 840 eyrfflo
154 791 279 841 synchronum
287 790 421 828 Theodoretnm
426 806 432 837 ς
444 790 532 828 habemus
542 790 697 840 Chrysostomum,

78 853 216 901 Hieronymum,
225 851 285 900 ipsum
294 851 416 889 Athanasium
421 868 426 897 3
439 851 527 889 babemus
536 864 558 889 ex
566 851 698 901 antiquioribus

77 912 181 958 Eusebium,
191 915 210 950 et
219 912 323 961 Origeuem,
333 913 394 960 quint
406 912 429 949 ab
442 912 478 949 illis
490 925 528 950 non
540 912 607 950 frustra
618 913 698 961 postula-

76 974 148 1019 bantur,
157 974 184 1010 ita
193 986 203 1010 a
211 973 263 1010 nobis
272 987 310 1011 non
317 974 386 1011 frustra
394 973 500 1011 afferrmtur.

104 1033 140 1071 Sed
152 1034 211 1082 pergit
219 1034 254 1071 Vir
267 1034 386 1080 doctissimus,
399 1038 418 1071 et
431 1034 472 1070 “ad
480 1037 578 1082 utrumque
586 1034 663 1071 locum'’
676 1046 698 1071 en
705 1042 756 1086 Altero

77 1094 156 1144 Origene
165 1094 264 1132 adductum
274 1097 286 1116 ‘¹
292 1094 346 1132 simul
354 1094 445 1143 semelque
452 1094 561 1143 respondet:
573 1094 618 1132 levis
627 1106 665 1132 esse
674 1094 697 1132 ad
705 1080 758 1109 Ballou

77 1167 116 1192 rem
125 1168 165 1203 quae
173 1155 234 1203 agitur
241 1156 335 1200 momenti,
343 1154 392 1203 qnod
400 1155 534 1203 opusculorum,
543 1167 565 1190 ex
574 1155 639 1202 quibus
648 1155 698 1191 allati
705 1157 783 1201 ungento.

78 1219 126 1261 sunt,
144 1215 200 1251 dubia
214 1216 238 1251 sit
251 1219 270 1252 et
282 1215 352 1265 incerta
364 1215 480 1251 auctor-'itas''
506 1214 537 1251 lta
553 1214 627 1263 quidem
639 1196 786 1265 primo{iiiiiiffi¹

76 1274 130 1322 paulo
139 1274 207 1313 lenius:
221 1287 269 1321 mox,
278 1274 307 1312 uti
317 1274 368 1322 solet,
377 1273 504 1321 confidentius,
513 1276 525 1295 ‘⁴
531 1274 568 1312 nos
580 1273 636 1312 libros
648 1275 697 1312 unde
705 1270 760 1299 Wlffl-

77 1337 120 1373 sunt
129 1337 184 1374 allata
192 1336 302 1383 testimonia,
315 1349 353 1373 non
365 1336 419 1374 modo
434 1336 519 1384 Origenis
529 1349 568 1373 non
580 1348 623 1383 esse,
633 1336 698 1373 sedne

77 1396 137 1433 Graeci
145 1397 224 1444 quidem,
233 1410 297 1434 verum
305 1397 369 1434 Latini
380 1397 441 1444 potius
451 1396 542 1443 scriptoris
555 1409 594 1432 esse
605 1397 696 1444 apparet.'’
737 1428 741 1438 τ

76 1454 138 1492 Primo
155 1456 212 1504 igitur
222 1456 273 1504 Opus
288 1456 373 1504 Origenis
386 1455 406 1492 in
423 1455 521 1493 Canticum
535 1454 658 1502 Canticornm,
676 1463 781 1508 exopqscri·

77 1517 127 1564 cujus
138 1517 217 1564 Prologo
229 1517 355 1553 testimonium
367 1515 481 1562 adduximus,
490 1518 546 1564 negat
560 1516 644 1566 Origenis
653 1528 697 1560 esse,
705 1510 768 1537 gemsm

705 1539 780 1568 (lenticum

76 1580 131 1624 negat
143 1589 182 1613 esse
191 1576 250 1613 Graeci
259 1576 359 1624 cujuspiam
368 1576 466 1624 scriptoris,
476 1576 538 1614 Latini
549 1589 588 1614 esse
598 1578 697 1615 contendit.
705 1577 772 1613 Dullaeus,
781 1561 785 1576 ’

76 1636 101 1672 Et
109 1636 129 1672 in
137 1636 172 1673 hae
183 1636 256 1684 quidem
268 1648 288 1673 re
296 1636 351 1674 habet
364 1639 446 1673 auctores
459 1649 504 1685 quos
517 1641 608 1685 sequatiu:
634 1638 697 1675 Primo
704 1615 780 1690 {iffi}

76 1696 115 1734 loco
122 1693 219 1734 Erasmum
224 1697 312 1742 nominat,
316 1697 367 1746 eujus
372 1709 466 1734 censuram
471 1700 477 1717 ‘
478 1699 484 1717 ‘
489 1698 575 1745 gravem”
583 1710 604 1738 ao
609 1698 696 1735 “rerem”
703 1692 747 1759 gepa
753 1700 783 1736 5³⁵⁸

33 1798 35 1801 ¹
77 1758 160 1807 appellat,
176 1771 217 1796 cum
234 1758 257 1795 sit
273 1758 363 1796 levissima
381 1758 518 1806 falsissimaque.
548 1758 598 1796 Huic
614 1759 697 1808 adjungit
717 1738 775 1767 Hiems*

77 1817 219 1855 Amerbaohinm
228 1822 246 1854 et
255 1818 335 1862 Coeum3
349 1818 408 1866 potuit
418 1821 437 1855 et
446 1818 495 1865 alios,
505 1819 536 1867 qui
543 1819 640 1856 Erasmum
649 1818 698 1865 ἀβα-

78 1877 169 1916 σανίστως
178 1877 249 1925 sequuti
258 1880 305 1913 sunt.

103 1935 138 1974 His
155 1950 227 1985 oppono
245 1935 336 1973 Jacobum
349 1936 450 1974 Merlinum
466 1937 486 1973 in
503 1937 588 1985 Origenis
607 1939 697 1986 Operibus
705 1946 766 1975 criticos

76 1998 154 2034 maxime
163 2002 260 2045 versatum,
266 1998 316 2047 eujus
324 1998 379 2035 rerba
388 1998 410 2035 de
418 1998 447 2035 his
454 1999 540 2039 Homiliis
549 2002 598 2045 sunt,
608 2001 619 2019 “
626 1999 647 2036 Si
654 2012 699 2048 pen·
705 1993 786 2052 ζῖξέζξξῗ

78 2058 152 2096 sioulate
165 2060 223 2108 ipsam
234 2059 329 2097 materiam
341 2072 381 2108 quoe
393 2059 414 2097 in
424 2059 447 2097 iis
457 2060 536 2097 traditur
549 2060 651 2107 attenderis,
664 2061 699 2110 ipsi
706 2069 752 2091 sonus.

78 2120 154 2168 Origeni
162 2120 268 2158 attribuesss’
294 2119 344 2158 Huic
350 2120 432 2171 adjungo
442 2120 585 2172 Genebrardnm,
595 2122 626 2170 qui
633 2111 698 2170 'Orige-

77 2173 120 2216 nem
126 2184 189 2227 postea
195 2180 257 2226 edidit,
263 2184 282 2217 et
290 2175 463 2228 librisa'liquotnon
469 2185 512 2218 ante
518 2181 570 2218 editis
576 2182 697 2229 locupletavit.

79 2238 128 2277 Huic
144 2240 239 2278 Hditorem
251 2240 339 2277 ultimum
351 2240 403 2287 addo,
413 2241 447 2290 qui
460 2254 531 2278 summa
544 2254 586 2278 oum
599 2242 698 2290 diligentia,

79 2298 161 2337 doctrina
175 2304 230 2350 atque
241 2300 311 2350 judicio
324 2302 345 2338 in
359 2302 448 2347 eruendis,
462 2302 541 2347 edendis,
554 2302 698 2350 adornandisque
723 2343 727 2346 ,

79 2358 159 2406 ejusdem
182 2353 271 2411 Operibus
292 2361 360 2399 Graecis
376 2365 463 2407 versatur,
482 2362 578 2399 Danielem
595 2361 791 2407 HuetiUmJLausHue

79 2420 90 2437 “
97 2420 234 2467 Costigandus,”
247 2421 308 2468 inquit
320 2421 356 2464 ille,
366 2423 378 2441 “
382 2422 474 2466 Erasmus,
487 2422 547 2468 quiet
558 2422 597 2468 ipse
608 2421 669 2469 sentit,
679 2426 698 2459 et
705 2411 727 2438 tii.

77 2475 126 2514 idem
138 2484 160 2515 ut
175 2482 263 2517 sentirent
276 2474 536 2527 Magdeburgenses‘perfecit,
547 2481 582 2517 hoc
593 2481 644 2527 Opus
659 2494 697 2517 esse

78 2533 156 2573 hominis
164 2540 450 2589 Latinipulolnedootietbene
463 2540 543 2578 diserti.”
569 2541 643 2577 Imout
656 2554 697 2579 sen·
747 2566 748 2569 =

78 2596 155 2633 tentiam
164 2599 228 2638 Huetii
237 2601 259 2638 de
267 2601 343 2639 Erasmo
352 2599 496 2649 subintelligant
505 2600 599 2648 Dallaeani,
608 2601 646 2639 baec
657 2603 697 2651 ,ejus

79 2656 133 2693 verba
150 2665 196 2708 sunt,
216 2663 317 2702 “,Effraenis
334 2663 419 2712 profecto,
431 2662 504 2712 iterum
520 2662 565 2710 dico,
583 2666 602 2701 et
613 2665 698 2713 proiecta

504 2734 514 2761 r
528 2725 539 2761 2

705 1119 770 1155 objectio.
836 1127 838 1131 ’
