1747 2957
192 179 229 216 304
384 190 512 218 nnounnnrun
524 188 631 217 nnenrrvnrr

193 280 249 327 derat,
258 281 326 320 Ταντον
333 281 368 328 ἐγὼ
376 281 408 320 τὸν
416 281 483 319 κανόνα
489 281 557 319 καὶτὸν
566 279 623 317 τύπον
631 278 682 329 παρὰ
690 280 721 316 τοῦ
726 278 816 329 μακαρίου

169 372 171 380 ι
193 339 248 378 πάντα
255 340 306 390 ἡμῶν
311 341 399 394 Ἡρακλᾶ
407 341 519 393 παρέλαβον.
528 342 581 378 Ηιιιιν
588 353 618 388 epo
623 339 703 387 reputant
712 339 816 386 (reformant

194 415 206 437 a
219 403 268 439 tecto
280 404 332 450 Papa
342 408 402 440 nostro
413 404 491 440 Hcracta
506 401 587 448 accepth·
601 412 643 437 cum
657 400 701 445 haec,
715 399 817 447 inquam,a
866 433 867 436 ,

195 461 263 499 Graecis
272 463 388 512 accepissent,
395 462 484 500 rationem
492 460 623 510 excogitarunt,
633 471 688 509 qnare
696 458 726 496 hic
734 459 817 496 Hcrache

194 523 309 573 potissimum
322 526 387 563 titulus
401 525 540 563 attribuerem:
554 528 572 561 et
587 535 629 560 cum
641 534 704 559 rocem
716 519 781 559 πάπαν
794 521 817 558 ad

195 582 273 621 πάππον
285 585 373 621 inclinare
384 585 472 629 viderent,
481 596 540 632 neque
552 583 601 620 enim
614 582 689 619 deerant
698 581 778 618 Graeculi
786 581 817 629 qui

196 643 251 679 etiam
264 644 308 680 illuc
321 635 420 688 traherent,
435 645 500 680 miram
514 645 562 680 hanc
578 643 673 679 historiam
686 641 817 689 excogitarunt,

196 716 231 751 qua
241 716 278 739 non
291 703 324 739 suh
337 704 428 740 Demetrii
440 708 528 751 tempore,
537 704 570 740 sed
585 703 668 740 Heraclea
678 702 765 751 popuhnn
772 701 818 737 illud

195 762 292 799 discrimen
303 762 351 799 inter
361 762 460 811 Episcopos
469 763 546 811 AEgypti
556 776 616 811 nuper
627 763 727 809 institutos
737 766 755 799 et
763 761 819 799 Alex-

196 823 293 859 andrinmn
306 823 431 861 Patriarcharn
445 823 592 859 animadvertisse
604 823 707 868 ostendant,
723 827 745 859 ut
756 826 819 871 postea

195 883 288 931 vulgarem
301 883 412 932 Episcopum
420 882 478 928 Abba,
487 883 612 919 Patriarcham
622 883 692 929 Papam
701 882 721 918 id
732 887 760 928 est
768 889 821 919 ανιιικζ

196 940 313 991 appellarent,
323 942 409 991 quoniam
416 942 452 992 ipsi
460 943 545 991 Episcopi
553 942 679 979 Patriarcham
686 942 756 979 Addam
767 955 819 980 uoca-

197 1006 244 1038 rent.
270 1004 317 1038 Haee
324 1016 367 1038 vera
375 1015 414 1038 esse
423 1004 452 1039 vel
459 1003 502 1038 inde
511 1003 570 1049 primo
581 996 694 1050 perspicitur,
705 1001 753 1049 quod
761 1002 819 1050 Euty-

197 1063 249 1099 chius
263 1075 301 1099 non
315 1068 421 1110 perpetuam
435 1063 558 1098 narrationem
566 1065 628 1107 texat,
643 1066 674 1097 aut
689 1061 784 1098 historiam
797 1061 820 1098 dc
858 1091 859 1095 ,

197 1123 312 1160 institutione
321 1124 452 1172 Episcoponnn
461 1124 546 1160 electioni
556 1123 705 1172 presbyterorum
715 1123 821 1160 immediate

199 1184 303 1232 subjungat,
313 1185 344 1221 sed
356 1184 474 1232 quaestionem
489 1185 548 1221 ohitcr
557 1184 631 1228 inserat,
645 1184 707 1221 Quare
716 1183 821 1219 Patriarcha

199 1243 333 1280 Alexandrinus
347 1244 405 1280 dictus
418 1244 441 1279 sit
453 1245 516 1292 Papa?
541 1244 601 1280 Quam
615 1244 689 1291 quidem
703 1243 822 1291 quaestionem

200 1302 303 1338 dissimulat
313 1303 407 1348 Scldenus,
415 1307 437 1339 nt
445 1307 533 1350 tanquam
541 1306 613 1351 partem
620 1302 685 1350 prioris
693 1302 773 1339 historiae
781 1314 822 1349 pos-

200 1362 287 1398 teriorem
299 1362 380 1399 inducat.
406 1363 437 1399 Ita
451 1363 500 1399 enim
514 1362 627 1411 Eutychiani
639 1362 745 1412 loquentem
757 1375 822 1412 reprae-

202 1426 271 1474 sentat:
287 1423 324 1459 “Is
339 1423 411 1459 ctiam”
422 1424 494 1471 (nempe
508 1422 617 1471 Alexander)
635 1423 708 1471 “petiit
723 1422 746 1460 ab
760 1424 785 1459 eis
798 1437 823 1461 ne

201 1482 305 1519 Patriarcha
318 1482 452 1519 Alexandrinus
469 1484 519 1530 Papa
536 1483 651 1528 vocitaretur,
669 1483 717 1531 quod
733 1483 823 1531 significat

200 1543 272 1577 avum!’
292 1542 323 1577 Ita
330 1541 385 1578 vertit
393 1541 445 1610 ,apt
452 1543 507 1589 pettit
516 1542 537 1578 at
546 1543 576 1588 ets,
586 1545 605 1579 et
618 1554 640 1578 ex
653 1543 688 1579 alio
702 1542 769 1580 Codice
791 1540 824 1601 ap

200 1601 247 1637 atati
259 1601 288 1638 vel
300 1601 402 1637 ιακκιῖαίιιιιι
415 1601 464 1637 aecta
473 1601 503 1647 eis,
513 1614 534 1637 ac
548 1601 563 1637 si
576 1601 675 1639 decreverit
683 1601 791 1647 Alexander,
800 1613 823 1636 ne

200 1662 275 1711 posthac
287 1662 392 1699 Patriarcha
403 1662 538 1699 Alexandrinus
548 1664 598 1711 Papa
606 1663 700 1700 diceretur.
727 1663 775 1700 Cum
785 1662 824 1710 ipse

200 1722 304 1760 Alexander
310 1735 331 1759 eo
337 1722 376 1770 ipso
381 1722 456 1759 nomine
461 1735 472 1760 a
477 1723 514 1759 suis
519 1723 573 1770 rnlgo
579 1724 714 1770 indigitarctur.
727 1723 824 1771 Inscriptio

200 1781 288 1829 Epistola
301 1782 348 1830 apud
356 1782 477 1818 Athanasium
485 1782 532 1819 libro
539 1782 561 1818 de
571 1782 655 1830 Synodis,
665 1780 757 1831 Μακαρίῳ
768 1780 825 1831 πάντα

200 1839 311 1889 Ἐπινκόπῳ
319 1839 370 1887 ἡμῶν
381 1839 496 1891 Ἀλεξάνδρῳ
505 1839 523 1877 οἱ
533 1839 656 1892 πρεσβύτεροι
669 1840 699 1878 καὶ
712 1839 730 1878 οἱ
745 1840 825 1878 διάκονοι

201 1900 221 1939 ἐν
229 1900 292 1951 Κυρίῳ
297 1900 373 1952 χαίρειν.
398 1902 459 1939 Prima
466 1902 553 1950 Epistola
565 1903 661 1948 sententia,
670 1900 695 1939 ‘H
703 1901 767 1941 πίστις
775 1900 825 1949 ἡμῶν

201 1960 213 2008 ἡ
222 1961 242 1998 ἐκ
250 1960 380 2011 appertinentia
392 1960 423 1998 καὶ
435 1960 472 1999 ἀπό
485 1976 520 1999 σου
530 1960 665 2011 μεμαθήκαμεν,
677 1961 756 2013 μακάριε
765 1961 824 2009 πάντα,

203 2021 253 2060 ἐστὶν
262 2020 312 2067 αὕτη.
325 2024 350 2059 Itt
358 2023 378 2058 in
387 2034 461 2070 corpore
469 2023 560 2070 Epistola,
569 2022 602 2061 ‘oc
610 2021 641 2059 acl
649 2020 673 2059 cd
681 2020 739 2066 αὐτὸς,
748 2020 826 2073 μακάριε

203 2080 263 2116 πάντα.
289 2082 400 2116 Athanasius
413 2082 512 2116 Alexandri
523 2094 613 2118 successor
622 2083 746 2118 Alexandrum
757 2083 826 2130 Papam

203 2140 279 2186 vocarit,
288 2140 354 2187 etipse
363 2140 385 2176 ab
397 2140 479 2187 ischyra,
488 2140 571 2185 Arscnio,
581 2142 688 2178 Constantio
700 2140 765 2180 πάντας
774 2155 826 2178 voca-

204 2202 235 2235 tus
244 2203 276 2236 est.
303 2199 339 2236 Sed
351 2198 507 2236 hancrersioncm
519 2198 562 2234 satis
577 2200 676 2248 exagitavit
688 2202 826 2239 Ecclrellensis0.

204 2260 326 2304 Doctissimus
335 2260 435 2297 Pococlrius
443 2263 505 2296 noster
513 2260 540 2296 ita
547 2259 612 2313 reddit,
624 2260 674 2301 Quod
682 2263 740 2297 αιιιιιιι
748 2265 827 2309 pararant

207 2320 301 2368 [vacarant]
328 2321 386 2360 Qrtare
400 2321 510 2355 Pan-iaaac
524 2320 658 2364 Alcaandripar
674 2324 745 2356 occetan-
758 2322 827 2368 Papa?

207 2379 262 2428 (crp'as
268 2380 343 2416 azorrttntr
351 2379 461 2428 appareatur
469 2383 496 2416 cat
503 2378 559 2427 Acar)
573 2378 669 2427 [cataractam
678 2380 720 2428 ert}
734 2381 761 2417 Ut
769 2375 827 2429 igitur
860 2402 863 2406 ·
872 2418 873 2423 ,

204 2440 231 2477 illi
243 2440 338 2489 quaestioni
350 2440 468 2489 responderet
478 2441 585 2491 llutychius,
594 2441 627 2478 illa
639 2441 661 2478 de
673 2442 732 2479 trihus
741 2456 752 2479 a
760 2443 827 2480 Deme-

205 2501 246 2546 trio,
257 2501 322 2549 viginti
335 2501 358 2538 ab
372 2502 452 2539 Heracla
463 2502 516 2539 factis
531 2502 625 2551 Episcopis
639 2499 722 2539 inaudita
735 2503 797 2549 tradit,
806 2507 828 2540 ut

278 2598 284 2616 l
294 2600 338 2636 Apud
344 2600 394 2629 nizea
401 2600 440 2645 Hist.
445 2601 470 2630 vii.
477 2602 489 2632 7.

278 2641 284 2653 ⁶
294 2637 312 2665 ln
319 2638 364 2667 'linet
372 2638 389 2667 dc
397 2638 456 2675 Origine
462 2639 530 2668 Nominis
537 2639 583 2675 Papa,
591 2648 602 2668 c.
608 2639 620 2668 1.
631 2639 680 2667 horon
687 2639 708 2668 eu
714 2640 755 2668 icco,
