1679 2935
92 186 122 225 viii
310 198 393 227 neironis
405 199 497 227 ruariuo

93 287 141 324 tium
157 286 426 338 Eusebienum‘respueret,'et
440 289 516 336 nullum,
533 288 570 327 nisi
587 302 641 338 quem
657 287 716 326 tribus

94 348 204 387 abbreviatis
222 350 308 400 Epistolis
330 352 387 401 Syrus
404 340 645 401 interpres*representat,
662 349 717 388 hodie

95 410 178 446 crederet
187 423 226 446 esse
235 412 363 459 superstitem?
389 412 480 459 Equidem
490 412 530 457 tibi,
542 412 608 448 Lector
620 409 717 454 Benevole,

97 469 200 507 satisfacere
214 471 266 508 valde
283 474 369 519 exoptans
390 485 466 520 nequeo.
481 472 537 509 -Dira
554 471 636 521 quaedam
652 470 718 518 cupido

97 531 152 569 altius
161 532 203 569 Viri
216 533 277 569 animo
288 532 361 578 insedit,
369 536 391 569 ut
403 533 423 569 id
435 533 513 578 credere,
524 537 546 569 et
556 532 595 569 aliis
607 531 718 568 credendum

97 604 203 641 proponere,
214 596 308 640 satageret
328 592 381 630 Nihil
390 596 451 630 autem
459 592 533 631 omnino
539 593 565 629 ad
573 592 719 641 persuadendum

99 653 167 699 attulit,
176 653 212 690 nisi
219 653 267 701 quod
275 653 296 690 in
305 654 374 690 duobus
384 654 479 691 (lodicibus
493 654 570 702 Syriacis
581 657 618 689 tres
627 652 718 700 Epistolas

98 712 176 750 bretiori
183 713 242 749 forma
250 716 319 749 exstare
327 713 470 760 deprehenderit,
477 717 495 749 et
502 713 523 748 in
528 713 582 749 tertio
588 712 654 750 Codice
663 724 719 748 unam

99 774 198 819 extribus,
213 775 315 821 Epistolam
330 774 369 810 scil.
385 775 441 811 adS.
451 775 576 822 Polycarpum.
601 774 628 811 At
641 785 683 810 vero
697 779 719 809 e'x

100 833 178 882 Syriacis
192 833 314 881 Scriptoribus
328 832 457 881 compluribus,
473 846 550 882 quorum
567 833 666 869 sententies
683 833 719 869 sive

98 897 187 931 tractatus
200 906 237 930 una
248 894 268 930 in
281 893 340 930 lucem
352 894 434 941 protulit,
447 895 507 942 palam
520 899 553 940 est,
565 894 612 942 apud
620 895 719 931 Ecclesiam

40 959 42 962 ’
98 954 216 1000 Orientalem,
235 954 299 991 saeculo
317 954 381 1002 quinto
401 954 437 991 sire
456 959 512 1000 sento,
531 968 567 1003 qno
583 959 664 1003 tempore
681 955 720 991 haec

98 1014 164 1053 Versio
175 1016 224 1052 facta
232 1018 265 1060 est,
274 1017 343 1063 septem
352 1014 448 1063 Epistulas,
457 1018 512 1064 prout
524 1015 546 1052 ab
554 1015 640 1060 Eusebio,
654 1015 720 1053 Hieross

99 1089 160 1126 aymo,
169 1075 290 1121 Theodoreto,
306 1076 376 1124 agnitas
389 1075 450 1123 fuisse,
464 1080 482 1114 et
495 1076 561 1127 saepius
574 1076 594 1114 in
608 1077 684 1127 Scriptis
697 1076 720 1114 ab

100 1138 186 1175 Ecclesiae
194 1138 305 1174 Doctoribus
314 1137 411 1172 adhibitas.

126 1197 210 1243 Interim,
219 1208 243 1235 ne
255 1197 275 1234 iu
282 1196 321 1234 vhac
333 1200 385 1245 parte
397 1196 445 1234 ultra
457 1197 583 1246 praescriptum
594 1197 639 1234 mihi
653 1210 720 1235 munus

101 1258 213 1304 immorarer,
234 1258 253 1295 id
274 1256 343 1310 vetuit,
356 1257 404 1306 quod
420 1258 480 1306 plures
497 1258 539 1295 Viri
553 1258 658 1296 Doctissimi
675 1258 723 1296 hanc

101 1319 217 1369 hypothesin,
233 1313 287 1367 qnam
300 1319 353 1356 tenui
365 1319 440 1356 tibicine
454 1320 502 1356 fulta
515 1320 544 1365 sit,
560 1320 669 1369 jampridem
682 1332 722 1368 per-

102 1385 183 1431 spectam
198 1380 284 1418 habuere.
296 1379 397 1428 v‘inprimis
410 1379 527 1417 Reverendus
542 1380 640 1417 admodum
658 1381 722 1427 Senex,

57 1490 59 1492 .
102 1443 126 1478 ad
133 1441 271 1477 instaurandam
279 1441 327 1476 inter
334 1441 397 1476 literas
404 1440 521 1476 humaniores
531 1440 564 1476 SS.
570 1440 646 1476 Petrum
654 1452 723 1476 memo·
771 1466 780 1474 .

102 1501 149 1538 iiam
163 1503 223 1547 natus,
238 1499 332 1537 Martinus
346 1499 436 1548 Josepbus
447 1499 523 1545 Romu,
534 1499 610 1549 Collegii
628 1501 646 1537 S.
658 1501 724 1538 Maria

103 1560 481 1610 MagdalenaeapudeoniensesPreeses0:
497 1560 602 1597 deiudeVir
608 1561 727 1599 Reverendus.

104 1622 206 1660 Guilelmus
216 1621 226 1659 J
228 1621 311 1668 acobson,
322 1622 381 1659 Sacrae
389 1621 491 1670 Theologiae
499 1621 523 1658 in*
528 1621 591 1660 eadem
600 1621 724 1660 Universitate

104 1684 196 1721 Professor
213 1682 287 1731 Regius,
304 1683 344 1731 ipse
361 1683 428 1732 optime
442 1682 465 1719 de
479 1683 498 1719 S.
508 1681 582 1731 Ignatio
595 1683 677 1729 meritus,
692 1684 724 1732 qui

104 1743 191 1792 Martyris
205 1743 284 1779 sinceras
295 1742 386 1791 Epistulas
398 1755 469 1778 summa
483 1755 526 1778 cura
539 1742 601 1787 edidit,
616 1745 634 1779 et
649 1742 724 1780 adnota-

103 1803 190 1848 tionibus,
199 1806 240 1839 tum
250 1803 337 1839 Pearsoni
351 1803 464 1850 aliorumque
472 1802 559 1838 Virorum
569 1802 676 1846 Doctorum,
685 1807 726 1839 tum

105 1865 148 1909 suis,
156 1863 275 1900 illustravitl:
301 1864 335 1901 Vir
344 1863 559 1900 Reverendus‘Eobertus
568 1862 648 1910 Hussey,
657 1863 725 1910 Regius

105 1923 197 1961 Professor
210 1922 278 1959 ibidem
291 1923 378 1960 Historiae
391 1922 529 1968 Ecclesiasticae,
539 1921 576 1971 qui,
588 1922 610 1958 in
618 1921 726 1960 Praeiatione

106 1984 130 2022 ad
144 1983 244 2021 Conciones
257 1985 374 2022 Academicas
388 1984 466 2033 Anglice
480 1984 552 2032 scripta,
568 1984 654 2032 jugulum
668 1996 726 2022 causae

106 2044 214 2095 peritissime
223 2046 312 2093 aperuitss:
326 2047 395 2083 Censor
403 2058 442 2082 non
450 2044 594 2082 contemnendus
600 2045 621 2081 in
629 2047 640 2063 “
646 2046 727 2082 Censura

107 2104 246 2153 Anglicanaf:”
263 2109 281 2141 et
294 2106 372 2155 denique
385 2106 420 2142 Vir
432 2105 520 2146 Eruditus
537 2105 558 2141 in
575 2105 673 2145 “Censura
687 2106 727 2142 Tri-

106 2165 188 2211 mestri,’'
198 2165 229 2214 qui
238 2166 348 2203 Pearsonum
357 2167 429 2203 nonita
438 2165 491 2203 facile
500 2165 550 2202 velut
559 2165 696 2212 sexagenarium
704 2165 727 2202 de

107 2229 162 2276 ponte
171 2225 286 2271 trudendum,
295 2225 324 2262 vel
335 2226 401 2275 potius,
410 2231 432 2263 ut
444 2226 488 2264 ficto
501 2225 576 2263 nomine
587 2225 727 2273 mendicantem,

64 2303 66 2306 ·
108 2288 130 2326 ab
144 2286 218 2335 Ignatia
231 2285 267 2323 Via
281 2288 436 2334 summovendum,
452 2292 470 2325 et
485 2292 538 2325 acute
553 2290 571 2324 et
584 2286 663 2335 benigne
678 2299 728 2325 eom-

107 2347 179 2386 monuit
184 2353 196 2383 ἕ,

133 2410 199 2457 Neque
216 2407 263 2456 apud
284 2412 354 2445 exteros
376 2410 449 2446 omnino
468 2422 510 2447 cum
526 2409 591 2459 plausu
608 2412 640 2445 aut
655 2408 728 2450 favente

127 2504 132 2518 ⁰
142 2498 160 2528 ln
166 2497 251 2527 Praefatione
259 2506 284 2526 sna
293 2496 312 2525 ad
321 2497 406 2534 “Reliquias
447 2499 452 2517 ¹
464 2500 526 2536 English
536 2499 597 2535 Resiew,
609 2498 643 2527 Dee.
653 2498 695 2534 1845,
704 2506 729 2536 pp.

108 2536 171 2570 santur
177 2535 198 2564 ed.
206 2536 246 2569 1846,
253 2536 280 2570 vol.
288 2535 298 2563 i.
307 2545 321 2572 p.
328 2536 378 2564 xxviii,
430 2539 507 2567 ace-353,

127 2575 134 2593 ‘¹
147 2574 165 2603 ln
176 2574 232 2603 Praefab.
245 2573 264 2602 ad
274 2572 336 2602 “Palles
346 2572 405 2610 Aposin·
448 2580 454 2598 d
464 2575 694 2613 QuarherlprpigffiDeo,1850?
703 2582 727 2612 pp,

108 2611 326 2649 lieos‚”ed.tera1elt‚pus.
348 2637 350 2639 .
430 2614 488 2643 69-99,

128 2658 133 2673 ⁹
144 2652 190 2681 Oxou,
197 2651 237 2685 1849,
247 2651 271 2688 Pp,
278 2650 389 2679 xiii—xxxviii.
