1679 2935
298 185 310 212 n
323 184 408 212 rnrnnon
420 184 538 213 rrsrrnorns.
706 179 728 215 71
782 224 783 227 ¹

107 275 201 323 Eusebius,
214 277 308 325 ipsissimae
320 281 362 314 sunt
375 290 418 326 quas
431 290 465 315 nos
476 277 569 323 habemus,
580 280 598 313 et
611 270 729 315 defendimus.

107 336 170 371 Tradit
182 337 231 373 enim
245 337 294 373 Hist.
304 338 352 374 Ecel¹
361 338 393 373 lib.
402 338 427 373 iii.
437 350 475 386 cap.
484 338 514 373 36.
524 331 618 385 Ignatium
626 349 658 384 per
666 338 730 373 Asiam

107 394 140 432 suh
154 396 288 434 accuratissima
307 397 406 439 satellitmn
423 396 504 434 custodia
521 396 601 442 ductam,
619 397 730 444 singularum

106 455 201 494 civitatum
210 470 254 506 quas
262 457 354 506 ingressus
363 460 390 494 est
398 457 488 496 Ecclesias
497 457 609 510 sermonibus
620 461 638 494 et
649 458 732 495 cohorta-

106 518 187 555 tionibus
192 521 314 566 confirmasse,
324 514 378 568 atqne
385 519 474 568 imprimis
479 519 570 555 monuisse
577 523 599 555 ut
604 519 627 555 ab
634 519 732 556 haeresibus

106 584 190 617 caverent
196 585 237 616 tnm
244 570 324 629 primam
329 580 401 626 exortis,
408 584 426 617 et
432 580 583 617 invalescentibus
589 594 594 625 3
603 580 733 629 hortatnmqne

106 652 145 677 esse
157 643 179 676 ut
193 641 322 690 Apostolonrm
336 640 431 679 traditioni
443 640 532 678 tenaciter
545 640 663 687 adhaererent,
672 653 733 688 -quam

106 700 182 736 cautelae
198 701 257 749 gratia
273 701 328 737 etiam
348 700 418 748 scriptis
435 700 521 736 mandare
533 691 657 736 necessarium
674 700 731 736 duxit.

107 762 168 798 Quare
181 774 223 798 cnm
236 764 319 811 Smyrna
332 765 383 807 esset,
392 762 458 809 inquit,
473 765 549 808 quatuor
558 761 649 808 Epistolas
662 760 732 808 scripsit

57 861 59 864 y
105 821 130 857 ad
146 822 240 870 Ephesios,
258 822 393 871 Magnesianos,
408 822 513 869 Trallianos,
529 822 626 867 Romanos
641 821 732 858 aTroade

89 914 90 917 ,
106 885 149 927 tres,
159 882 182 919 ad
190 883 354 931 Philadelphenses,
364 882 387 918 ad
401 883 508 930 smyrnaeos,
518 885 536 917 et
549 881 633 930 privatim
645 881 668 917 ad
678 882 732 931 Poly-

106 955 185 990 carpum.
212 944 257 980 Haec
274 943 335 979 omnia
351 942 490 990 diligentissime
507 955 528 977 ex
543 941 587 989 ipsis
603 941 695 989 Epistolis,
710 945 732 977 ut

105 1003 174 1050 opinor,
192 1004 292 1041 observarit
308 1002 398 1040 Eusebius
403 1017 408 1047 ;
421 1002 523 1050 Epistolam
539 1001 589 1038 enim
603 1002 627 1038 ad
643 1002 732 1050 Ephesios

107 1063 190 1112 Smyrnae
207 1064 292 1112 scriptam
305 1063 361 1099 foisse
377 1062 417 1110 ipsa
428 1066 512 1098 testatur.
541 1061 633 1097 Uaaalaals
644 1057 732 1098 taddeam

104 1134 142 1171 eya,
154 1126 172 1159 et
184 1135 234 1171 palera
246 1124 319 1159 allststls
332 1123 352 1158 la
364 1122 399 1158 Det
412 1123 494 1158 honorem
505 1122 525 1175 la
538 1121 638 1168 Salamara,
653 1122 699 1164 ancta
715 1125 733 1158 et

104 1184 162 1218 scribo
174 1184 228 1220 aoaa.
253 1184 284 1220 Ad
292 1182 403 1231 Magnesios,
413 1183 498 1218 Salataat
507 1194 538 1217 aar
546 1182 621 1229 Ephesii
629 1194 640 1217 a
650 1167 732 1230 Smyrna,

105 1243 151 1278 ande
166 1247 183 1278 et
196 1243 253 1279 sartho
263 1243 316 1279 codis.
341 1242 372 1279 Ad
383 1241 490 1287 Trallianos,
502 1241 565 1277 Satala
578 1254 608 1277 aas
622 1254 633 1277 a
648 1242 731 1290 Smyrna.

105 1303 136 1340 nd
143 1304 239 1350 Romanos,
248 1304 309 1341 Scriba
318 1307 377 1340 catera
384 1303 433 1339 aedis
441 1304 478 1339 haec
486 1315 497 1338 a
504 1302 587 1349 sapae.
602 1302 645 1338 Tres
653 1303 731 1351 reliquas

106 1364 196 1411 Epistolas
208 1365 278 1402 Troade
292 1364 367 1412 scriptas
380 1363 437 1400 faisse
448 1376 470 1400 er
482 1363 526 1411 ipsis
538 1363 605 1411 pariter
617 1366 674 1410 patet
699 1363 732 1400 Ad

106 1424 271 1475 Philadelplienses,
281 1425 353 1462 Salutat
361 1436 391 1462 aas
400 1425 479 1461 claritas
487 1424 581 1460 alaltorara
590 1423 620 1471 pal
628 1423 647 1459 a
658 1424 731 1470 Troade,

105 1486 152 1522 ande
164 1489 182 1522 at
189 1487 246 1523 salbo
254 1486 339 1533 aobicper
349 1486 433 1522 Barrala.
458 1484 489 1522 Ad
498 1485 607 1532 Smyrnaeos,
621 1483 693 1521 Salutat
702 1496 733 1520 aas

106 1546 186 1581 charitas
190 1546 277 1592 fratrom,
287 1547 317 1592 pal
325 1546 344 1581 ta
354 1545 428 1590 Troada,
440 1544 486 1579 aade
497 1547 514 1579 et
521 1544 579 1579 acribo
590 1543 638 1578 aoba's
642 1555 678 1589 per
685 1544 733 1578 Bar-

105 1617 150 1639 ram.
168 1605 198 1641 Ad
206 1605 332 1653 Polycarpum,
345 1605 390 1645 Qala
396 1605 452 1650 lyltar
460 1604 539 1639 aaaron
545 1603 633 1638 Eccleslis
641 1615 675 1639 aaa
680 1605 733 1650 potat

105 1665 186 1711 seribere,
194 1668 269 1713 propter
281 1668 352 1713 repente
365 1664 449 1711 acapna
462 1675 489 1700 aaa
500 1675 512 1699 a
524 1663 593 1699 Troade
605 1664 624 1699 ia
632 1663 731 1711 Neapolim,

105 1729 126 1761 at
133 1726 214 1763 aalaatas
218 1725 307 1773 praecipit,
316 1724 382 1761 salla
390 1725 431 1760 allis
439 1723 531 1760 Eccleslls.
545 1723 633 1760 Observat
642 1723 732 1760 Eusebius

106 1786 201 1832 Ignatium
209 1786 229 1822 in
237 1786 320 1833 Epistola
331 1785 355 1821 ad
366 1784 454 1831 Ephesios
467 1784 550 1820 Onesimi
562 1784 643 1830 ipsorum
654 1784 732 1832 pastoris

106 1846 217 1898 meminisse,
234 1846 255 1882 in
272 1845 354 1894 Epistola
371 1844 394 1881 ad
410 1843 517 1892 Magnesios
530 1844 609 1880 Damam
623 1843 733 1893 Episcopum

107 1906 216 1953 nominasse,
229 1907 249 1943 in
262 1906 345 1955 Epistola
356 1905 379 1942 ad
388 1905 487 1942 Trallianos
496 1904 568 1953 Polybii
581 1904 668 1942 antistitis
681 1905 743 1942 men--

106 1965 179 2004 tionem
183 1968 258 2012 fecisse3
273 1980 317 2016 quos
326 1979 388 2003 omnes
398 1966 496 2003 earundem
504 1965 626 2002 Ecclesiarum
634 1966 733 2015 Episcopos

107 2033 173 2066 nostrae
178 2029 266 2079 Epistolae
275 2031 380 2077 agnoscunt.
403 2027 453 2073 Dicit
460 2040 501 2065 eum
507 2027 732 2076 Polycarporintiochenae

107 2090 192 2128 Ecclesiae
212 2103 285 2140 gregem
302 2088 442 2134 commendasse,
460 2100 568 2136 rogasseqne
584 2090 605 2123 ut
622 2088 673 2124 omni
689 2101 732 2125 cura

108 2154 126 2188 et
135 2151 230 2200 diligentia
237 2151 290 2188 illam
297 2150 357 2188 fovere
364 2149 424 2196 vellet,
434 2149 481 2198 qnod
489 2149 510 2185 in
517 2148 599 2197 Epistola
607 2147 631 2184 ad
638 2160 681 2186 eum
689 2149 732 2186 data

107 2212 188 2258 pluribus
197 2215 286 2247 narratur.
311 2211 374 2257 Pergit
382 2211 464 2254 alterius,
474 2214 493 2245 et
502 2208 526 2248 εἰς
536 2207 624 2254 ἐπίδειξιν
636 2210 672 2245 τῶν
685 2209 732 2258 εἰρη-

107 2269 169 2319 μένων,
179 2284 201 2309 ex
211 2271 294 2320 Epistola
307 2270 330 2308 ad
342 2271 434 2308 Romanos
446 2270 493 2307 bene
501 2270 576 2318 longam
583 2268 638 2319 ῥῆσιν
646 2268 731 2318 excerpit,
751 2299 753 2301 .

107 2336 129 2370 ut
137 2333 175 2381 ipse
182 2333 268 2382 loquitur,
276 2329 324 2370 κατὰ
329 2329 386 2378 λέξιν,
395 2328 442 2368 Ἀπὸ
451 2328 518 2382 Συρίας
528 2328 584 2381 μέχρι
591 2327 662 2377 Ῥώμης
671 2328 731 2384 θηριο-

108 2395 163 2444 μαχῶ
177 2395 208 2432 &a
222 2406 262 2442 quae
270 2392 356 2431 Versioni
368 2395 435 2429 nostrae
446 2392 517 2429 Latina
529 2403 602 2440 prorsus
615 2390 733 2438 conveniant,
740 2399 790 2429 Venio
798 2400 826 2429 Ve-

109 2455 153 2492 adeo
164 2459 186 2492 at
199 2456 238 2493 haec
253 2454 353 2491 accuratior
366 2453 390 2490 sit
404 2452 548 2490 Eusebianornm
562 2451 662 2499 translatio,
673 2438 820 2505 ·quar'nffl{nl¹{{¹}¹e²¹

108 2515 137 2550 vel
150 2515 295 2565 Hieronymiana
308 2514 337 2551 vel
350 2514 459 2550 Rnffiniana.
483 2513 544 2550 Aliam
557 2513 613 2549 etiam
621 2524 643 2549 ex
651 2514 732 2561 Epistola
739 2513 763 2541 hio
769 2513 824 2556 aalma

109 2573 132 2608 ad
141 2575 245 2623 Smyrnaeos
253 2574 362 2612 sententiam
373 2573 492 2622 transcripsit,
502 2585 543 2622 quae
554 2573 575 2609 in
587 2574 654 2610 nostris
663 2573 732 2611 Oodici-
739 2552 809 2586 mirum

109 2633 143 2670 bus
152 2636 229 2673 totidem
237 2637 296 2675 verbis
305 2639 369 2673 exstat.
395 2634 480 2683 'Denique
491 2634 514 2671 ad
523 2635 668 2677 ,confirmandam
680 2644 731 2680 sape-
