1747 2957
175 206 217 249 230*
326 216 398 249 EUSEBH
409 216 519 246 AUCTORITAS
526 216 651 244 ‘nnmrnlrnn

202 307 270 347 “Quid
286 308 307 345 in
324 299 481 358 Historicgraphis
497 306 576 344 inveniri
591 307 672 344 Eusebio
688 306 798 344 laudabilius

177 370 269 417 potestl'’
283 369 343 407 aiebat
352 370 396 407 olim
403 370 487 417 Pelagius
496 369 586 405 secundus
595 369 662 416 Papae
683 368 718 405 Ille
726 367 799 405 Gelasio

178 430 268 479 Cyzicena
277 429 441 480 φιλαληθέστατος,
449 430 530 466 caritatis
541 429 677 470 antarctissimas
687 432 705 465 et
714 426 799 475 ἀξιοπισ-

178 489 259 533 τότατος,
265 491 303 538 fide
312 490 442 538 atpatsstaasb,
452 489 508 527 audit.
533 489 568 526 llle
577 489 647 537 Magno
655 488 723 525 Basilio
732 489 799 525 dicitur

159 544 162 547 ’
179 549 286 597 ἀξιόπιστος
299 549 329 587 διὰ
338 549 459 600 πολυπειρίαν
464 557 475 592 ⁰,
487 550 528 586 ideo
539 549 617 586 manime
626 548 665 596 fide
676 550 744 596 atyaas,
757 550 800 598 quia

86 740 146 786 Eusebii

86 787 149 822 proposi-

86 819 118 844 tum
124 825 140 844 m

179 611 266 649 diuturna
280 612 388 659 erpa-teate
402 612 422 648 in
439 611 517 660 negotiis
533 610 623 657 Ecclesiae,
637 610 799 659 vetustissimisqne

179 673 303 721 monumentis
312 672 446 709 versatissimus
454 672 495 709 lirit.
551 686 553 688 ·

204 732 310 777 lateralia,
326 743 365 779 quae
379 731 399 768 in
412 731 496 768 Historia
509 731 637 768 Ecclesiastica
652 732 754 779 complexim
768 735 801 777 est,

179 790 292 839 propositum
309 790 326 827 ei
342 790 383 836 fnit,
398 789 429 838 qni
445 789 488 830 libri
502 790 525 826 ab
540 790 627 839 Antiquis
648 791 710 841 scripti
728 792 801 828 fuerant

84 847 172 882 'risrtsnnti-
179 864 268 900 enarrare,
282 849 328 896 door,
340 856 362 889 ut
375 852 416 901 ipse,
430 851 516 900 loquitur,
534 850 582 888 κατὰ
597 851 659 898 γενεὰν
676 852 755 899 ἑκάστην
771 851 802 890 διαὶ

86 901 147 929 quorum

75 934 77 936 ’
86 938 156 968 exponen·

86 968 114 999 dis.

180 911 328 964 συγὙραμμάτων
336 911 368 956 τὸν
377 911 424 949 θεῖον
434 911 562 962 ἐπρέσβευσαν
572 910 633 959 λόγον,
643 917 752 960 quotcunque
760 926 802 961 pao-

180 986 212 1021 quc
223 974 285 1010 seculo
298 973 371 1021 scriptia
383 974 420 1009 sais
430 973 542 1022 Theolopc'cra
555 974 672 1013 cacoleeruat.
697 974 803 1021 Antequam

123 1064 125 1068 .
179 1033 215 1070 hoe
224 1035 274 1082 Opus
288 1034 470 1082 aggrederetunerat
484 1033 507 1070 ad
520 1033 566 1070 illud
580 1033 711 1081 perficiendum
724 1035 803 1071 maxime

91 1585 146 1619 Quibus

89 1623 157 1651 subsidiis

90 1670 124 1689 usus
130 1662 152 1689 est

90 1699 164 1734 Eusebius,

180 1094 256 1132 idoneus
268 1095 434 1143 paratissimusque.
459 1094 541 1131 Pluinna
552 1095 591 1143 jam
606 1098 649 1136 ante
657 1094 750 1133 volumina
762 1107 803 1143 per.

181 1155 282 1204 scripserat,
289 1155 354 1205 quibus
361 1154 441 1193 ostendit
447 1155 515 1192 variam
520 1155 623 1202 lectionem,
631 1156 674 1193 etin
683 1155 733 1193 omni
740 1156 804 1194 Graeca

164 1216 276 1254 literana
288 1216 386 1254 maximam
397 1216 487 1265 peritiam,
497 1219 519 1252 nt
534 1216 566 1264 qui
578 1217 617 1264 jam
630 1221 682 1262 esset,
691 1220 739 1253 teste
748 1217 803 1254 Sozo-

181 1290 241 1324 meno,
250 1274 413 1324 πολυμαθέστατος
425 1274 486 1327 lerna
498 1281 551 1314 tanta
562 1290 624 1318 rerum
636 1278 718 1315 omnium
727 1277 803 1319 scientia

182 1338 282 1374 instructus
291 1338 314 1374 ad
321 1337 422 1374 Historiam
431 1337 579 1376 conscribendam
588 1337 669 1385 animum
677 1338 752 1387 appulit.
765 1338 813 1375 Diu*

183 1398 261 1435 antehac
269 1411 311 1435 cum
320 1398 415 1447 Pamphilo
426 1398 566 1435 familiarissime
574 1399 647 1445 vixerat,
657 1400 691 1447 qui
700 1399 805 1447 praelatam

183 1459 352 1497 Ecclesiasticorum
362 1458 475 1507 Scriptorum
483 1458 617 1496 bibliothecam
625 1458 736 1501 instruxerat
744 1475 748 1497 :
761 1459 807 1499 huie

184 1520 264 1569 quotidie
280 1520 370 1565 interfuit,
387 1509 435 1556 hanc
456 1519 528 1560 assidue
544 1519 627 1564 versavit,
644 1519 699 1569 hujus
715 1519 805 1561 librorum

183 1580 265 1618 omnium
281 1581 382 1618 indiculum
399 1580 483 1619 confecit.
510 1580 560 1616 Usus
578 1582 605 1616 est
620 1579 676 1616 etiam
690 1580 805 1618 Bibliotheca

183 1640 355 1690 Hierosolymitaua,
365 1653 419 1691 qnam
432 1639 480 1681 illius
492 1640 543 1677 urbis
556 1640 654 1694 Episcopus
663 1641 766 1678 Alexander
774 1653 808 1678 ere

184 1702 229 1740 strui
242 1706 335 1740 curaverat
341 1717 346 1749 ς
361 1702 382 1739 in
395 1714 430 1751 qua
442 1704 509 1753 prater
521 1701 591 1751 reliqua
602 1702 657 1743 etiam
666 1702 752 1752 Epistulae
761 1715 805 1751 quas

183 1763 225 1801 Viri
236 1763 359 1805 Ecclesiastiei
371 1763 392 1800 in
404 1762 503 1799 tractandis
516 1763 602 1806 Ecclesia
615 1754 693 1812 negotiis
707 1763 730 1804 ad
744 1776 763 1800 se
776 1763 805 1806 in-

183 1825 242 1862 vicem
250 1825 337 1867 dederant
350 1824 509 1866 conservabantur,
535 1825 565 1862 Ita
578 1826 656 1873 denique
668 1826 719 1864 libris
733 1826 808 1873 scriptis-

184 1885 256 1922 deditns
270 1888 314 1929 erat,
328 1885 408 1934 adeoque
421 1883 497 1924 feliciter
509 1884 529 1921 iu
542 1874 659 1932 iissersatus,
670 1889 691 1922 ut
704 1887 806 1934 Imperator

185 1946 321 1993 Constantinus,
331 1945 489 1994 Constantinopoli
497 1946 598 1984 Caesaream
611 1946 702 1992 scriberet,
712 1946 764 1995 eique
772 1959 805 1995 po,

184 2007 280 2051 tissimum,
288 2007 313 2049 in,
324 2007 416 2049 mandatis
430 2006 486 2053 daret,
498 2011 519 2051 ut
532 2007 665 2057 qninquaginta
678 2009 697 2048 S..
708 2008 806 2058 Scripturas

186 2068 262 2107 Codices
274 2068 299 2107 in
308 2068 417 2106 membranis
431 2068 577 2110 artificiosissime
592 2068 649 2109 scribi
660 2072 737 2114 curaret,
751 2072 770 2106 et
783 2069 806 2111 ad

185 2127 258 2164 Urbem
266 2126 343 2174 Regiam
350 2127 393 2163 inde
401 2126 489 2167 mitteret,

212 2187 223 2225 J
225 2200 254 2225 am
262 2200 304 2225 vero
313 2200 336 2224 an
344 2186 441 2229 verisimile
450 2190 477 2224 est
485 2190 591 2230 veteranum
599 2187 687 2231 librorum
695 2188 805 2234 helluonem,

185 2250 235 2287 iuter
253 2248 370 2291 membranas,
386 2248 492 2296 chartasque
508 2252 577 2285 veteres
593 2248 649 2285 sitam
665 2252 761 2295 terentem,
778 2253 807 2287 tot

186 2310 309 2359 Antiquarum
318 2307 418 2352 Volumina
430 2307 509 2357 quotidie
522 2312 553 2351 ant
566 2308 698 2347 describentem
710 2314 742 2355 aut
750 2310 807 2349 aera

186 2376 262 2417 rentem,
280 2374 319 2407 tam
337 2369 391 2414 facile
410 2360 515 2418 impostoris
536 2370 571 2412 arti
592 2372 693 2419 expositum
709 2372 770 2417 firisse,
788 2375 807 2414 et

187 2432 289 2474 adulterino
306 2430 359 2468 foetui
376 2428 513 2471 obstetricatunr
529 2431 584 2468 esse?
604 2432 641 2473 nn
657 2435 730 2475 tantum
740 2432 809 2475 Virum-

186 2497 251 2542 putare
263 2504 358 2542 possumus
371 2489 445 2542 ἕρμαιον
456 2492 491 2527 τῶν
499 2489 522 2528 τὰ
530 2493 604 2534 τοιαῦτα
613 2492 762 2544 ἐπιψευδομένων
770 2495 808 2535 τοῖς

186 2552 275 2601 βυβλίοις,
288 2552 319 2591 καὶ
331 2549 423 2603 θησαυρὸν
436 2549 506 2600 ἕτοιμον
519 2554 555 2594 τοῖς
568 2556 657 2602 καπήλοις
668 2553 733 2599 αὐτῶν,
741 2555 808 2598 lucrant

205 2649 267 2686 rupisti
277 2649 349 2678 adEliam
356 2646 486 2685 Aquileienchn-
501 2670 503 2675 ,
528 2647 576 2678 ¹⁹Lib.
583 2649 599 2677 ii.
606 2649 624 2678 dc
630 2649 682 2685 synod.
689 2649 754 2683 ursana,
761 2659 773 2677 c.
780 2650 793 2683 l.

186 2688 210 2716 cil.
221 2689 332 2717 tomutttc.
530 2686 774 2724 ⁶DeSpir·.Sanetc.xxir.§t2,
807 2716 809 2720 ,
