1679 2935
331 218 442 246 1111111111.
614 199 616 201 ’
662 211 698 247 333

79 324 141 347 eorum
155 324 200 360 quos
214 312 296 347 nominat
312 310 384 362 scriptis
397 322 421 345 ne
434 322 472 344 uua
485 310 557 357 quidem
572 311 664 345 sententia
677 311 700 346 ad
707 318 794 345 1111111111-

8 387 9 390 ’
78 371 184 410 refutandos
199 370 306 417 Haereticoi,
320 372 352 407 ant
368 369 470 407 doctrinam
484 369 562 417 aliquam
577 370 699 407 Christianam
707 357 793 392 gementum

708 395 756 431 captat

79 434 221 471 confirmandam
233 438 320 483 tanquam
333 431 444 476 testimonio,
459 435 491 467 aut
503 431 536 467 sub
550 431 609 478 specie
622 432 780 478 auctori-Dulcis,

79 496 122 533 tatis
138 496 203 532 ut'tur.
230 495 327 532 Silentium
344 493 401 541 igitur
414 492 522 529 Tertulliani
535 491 582 527 nihil
595 492 618 528 ad
631 492 701 540 ignatii
708 471 790 536 &iim

8 599 11 607 ὦ
79 557 174 606 Epistolic'r
182 557 309 593 arroteritatem
317 553 462 590 imminuendam
470 553 524 590 valet.
707 546 747 575 liant.

104 618 179 662 Quarto,
188 612 283 665 ignatium
295 617 379 652 nostrum
389 627 427 651 non
436 617 510 651 tantum
518 612 631 651 Tertulliano
641 613 701 650 sedet

79 678 176 716 Catholicis
189 677 271 727 ejusdem
284 676 317 714 aevi
328 676 413 726 ignotum
422 676 481 713 ¹fnisse
493 675 566 713 aliunde
576 675 700 725 deprehendit.

9 747 10 755 ¹
80 738 152 776 Scilicet
161 738 267 776 “Catholici
279 739 345 787 lapsos,
359 738 414 775 etiam
427 738 513 784 moechos,
527 750 560 786 per
571 736 700 786 poenitentiam

78 800 99 834 in
110 800 210 835 Ecclesiam
223 800 349 836 admittebant.
374 799 503 842 Tertullianus,
517 799 604 835 Montani
615 802 699 844 sectator,

80 859 111 896 lib.
121 859 143 896 de
154 860 244 897 Pudicitia
253 859 355 898 Catholicos
366 862 464 907 oppugnat,
489 858 573 907 ignatius
582 858 634 895 docet
642 859 700 907 poeni-

80 924 140 958 tentes
149 934 188 958 esse
197 920 326 970 suscipiendos.
351 922 401 968 Ergo
413 933 448 957 nec
456 917 576 965 Tertulliano,
587 933 622 957 nec
632 921 699 957 Catho-

79 980 119 1018 licis
135 985 190 1019 notus
203 982 258 1019 iuitl’
288 981 331 1020 Ain'
345 981 403 1019 vero?
425 993 468 1029 ergo
484 993 519 1018 uec
536 977 653 1026 Tertulliano,
666 987 785 1019 1111111111

80 1030 178 1079 Catholicis
189 1047 244 1080 notus
257 1043 298 1089 fuit,
307 1043 335 1079 vel
347 1042 396 1090 quod
406 1042 455 1078 idem
468 1046 501 1086 est,
512 1044 547 1077 “et
556 1041 668 1079 Tertulliano
681 1045 700 1079 et
707 1027 785 1057 Dallaeana.

80 1096 178 1139 Catholicis
194 1102 267 1151 ignotus
281 1101 351 1140 saiw
372 1102 427 1151 idque
445 1101 489 1138 hinc
506 1101 616 1151 deprehendi
633 1103 699 1151 putas?
743 1100 746 1105 ’

80 1162 183 1212 Utrumque
192 1167 240 1200 certe
249 1176 287 1201 non
299 1162 385 1212 sequitur.
410 1163 446 1200 Pro
455 1163 541 1200 alterutro
550 1162 623 1211 quidem
632 1163 700 1212 species

80 1223 140 1271 aliqua
148 1225 252 1272 argumenti
264 1229 297 1271 est,
308 1236 340 1273 pro
352 1228 430 1273 utroque
442 1225 498 1260 nulla.
524 1224 580 1261 Liber
591 1225 666 1273 quidem
678 1225 701 1261 de

80 1282 170 1319 Pudicitia
181 1283 208 1319 ita
220 1284 298 1331 scriptus
311 1287 344 1328 est,
352 1286 374 1318 ut
382 1283 489 1331 plerumque
497 1283 556 1331 primo
565 1283 701 1331 Psychicorum,
768 1327 770 1334 ,

80 1342 99 1377 id
114 1346 147 1388 est,
161 1343 296 1379 Catholicorum
310 1343 388 1391 objecta,
402 1343 445 1378 dein
459 1342 567 1379 Tertulliani
582 1343 702 1380 Montanistae

80 1402 204 1450 responsiones
213 1403 310 1441 contineat.
337 1402 414 1451 Objecta
423 1406 484 1441 autem
492 1403 524 1441 illa
530 1403 559 1441 vel
568 1400 629 1441 omnia
637 1408 656 1442 et
665 1405 702 1442 sola
766 1454 767 1457 Ἴ

80 1461 155 1499 fuerunt
169 1475 209 1511 quae
223 1462 313 1502 Catholici
327 1462 423 1499 Haereticis
437 1463 558 1513 opponebant,
572 1467 591 1501 et
605 1464 628 1501 ad
639 1477 679 1515 quae
692 1478 703 1502 a
766 1460 769 1464 ’

81 1524 192 1560 Tertulliano
208 1525 344 1572 responsionem
357 1525 485 1571 exspectabant
503 1529 557 1574 atque
573 1526 701 1573 postulabant:

81 1583 129 1630 quod
137 1583 153 1617 si
160 1583 229 1618 facturn
237 1588 327 1630 putemus,
336 1587 378 1617 tum
384 1584 508 1619 Tertullianus
517 1585 587 1619 censeri
595 1597 633 1620 non
641 1590 701 1634 potest

80 1644 174 1692 ignatium
188 1644 229 1681 ideo
242 1644 339 1693 ignorasse,
352 1644 394 1692 quia
406 1656 448 1681 eum
461 1657 499 1682 non
510 1645 628 1692 nominabat;
641 1644 701 1696 reduc

81 1704 130 1741 enim
141 1718 174 1752 pro
188 1718 206 1741 se
218 1705 313 1742 nominare
324 1701 390 1752 potant,
404 1718 463 1753 neque
476 1706 560 1743 adversus
574 1719 593 1743 se
606 1708 701 1745 nominare

82 1764 149 1811 debuit,
163 1765 199 1802 nisi
211 1778 241 1803 eos
253 1769 326 1803 tantum
340 1778 417 1815 quorum
431 1767 529 1805 auctoritas
544 1768 561 1804 ei
576 1768 700 1818 objiciebatur.

81 1826 117 1860 Vel
129 1826 200 1873 objecta
211 1826 250 1861 haee
258 1826 380 1862 Tertullianus
393 1826 473 1874 sibiipsi
485 1828 534 1872 fecit,
544 1826 670 1865 cunr‘delcctu
683 1835 701 1866 et

81 1896 114 1932 pro
123 1884 202 1930 arbitrio,
212 1888 230 1921 et
242 1897 280 1922 non
288 1897 310 1922 11
318 1885 422 1934 praescripto
432 1884 573 1932 Catholicorum,
583 1888 631 1935 quod
639 1889 701 1926 verisi-

81 1945 178 1983 millimum
187 1950 224 1993 est3
238 1951 256 1984 et
264 1952 305 1984 tuni
312 1946 356 1985 indc
365 1947 426 1997 colligi
437 1948 489 1986 nullo
502 1948 555 1987 modo
566 1953 632 1998 potest,
643 1952 700 1989 omni-

81 2006 115 2043 bus
126 2006 175 2043 illius
188 2007 221 2044 aevi
230 2008 328 2046 Catholicis
341 2008 425 2057 ignotum
438 2009 493 2047 luisse
507 2010 601 2059 ignatium
612 2014 701 2059 nostrum,

82 2067 130 2116 quod
139 2068 261 2107 Tertullianus
273 2083 315 2107 eum
324 2083 363 2107 non
375 2070 501 2119 nominaverit,
511 2071 542 2121 qui
553 2071 625 2121 objecta
632 2085 671 2110 nou
679 2073 701 2111 ab

80 2127 117 2163 illis
127 2128 201 2176 accepit,
211 2141 270 2177 neque
283 2130 345 2167 omnia
358 2142 398 2178 quae
408 2130 435 2167 illi
449 2131 526 2179 objicere
540 2136 571 2168 aut
584 2136 659 2179 possent
671 2137 703 2170 aut

82 2186 160 2224 solerent
168 2189 257 2235 tractavit,
265 2189 295 2227 sed
304 2190 342 2237 ipse
350 2189 384 2227 sihi
392 2193 446 2238 prout
454 2190 490 2239 ipsi
496 2188 554 2229 risum
561 2195 589 2229 est
595 2191 661 2241 objecit
667 2206 703 2242 quo

80 2247 150 2285 facilius
159 2249 241 2287 solveret.
258 2251 308 2288 Male
316 2250 373 2300 igitur
381 2251 415 2289 Vir
424 2249 538 2290 doctissimus
548 2255 583 2289 “et
591 2254 702 2291 Tertulliano

81 2311 100 2344 et
113 2309 212 2346 Catholicis
217 2311 229 2328 ”
245 2311 280 2348 1111
293 2316 401 2359 argumento
414 2313 509 2360 ignatium
522 2317 606 2350 nostrum
618 2314 702 2361 ignotum

6 2357 10 2420 ζ
80 2363 225 2415 fuissejeotligit.
255 2370 281 2406 At
299 2370 381 2418 qiraedam
398 2371 421 2408 de
436 2372 567 2408 Ecclesiasticis
584 2372 702 2421 scriptoribus

2 2423 9 2440 '¹
81 2426 194 2463 adduxerunt
204 2429 231 2465 1111
240 2430 329 2468 Catholici
337 2432 366 2469 111
375 2432 498 2470 Tertullianus
510 2445 543 2481 pro
556 2433 650 2471 Catholiea
661 2446 701 2472 sen-

6 2539 8 2542 .
80 2487 139 2525 tentia
144 2502 149 2533 5
162 2487 197 2525 hoc
206 2489 271 2527 saltem
279 2491 343 2540 negari
351 2491 422 2530 videtur
430 2506 468 2531 non
476 2506 534 2542 posse¹
554 2494 591 2532 Cur
599 2507 637 2532 non
645 2495 702 2544 igitur

3 2555 10 2591 ,³
81 2548 176 2596 ignatium
191 2549 240 2587 inter
256 2552 393 2591 Ecclesiasticos
411 2555 512 2604 Scriptores
528 2555 652 2603 nominarunt,
667 2557 703 2594 nisi

4 2615 8 2622 '
82 2608 130 2658 quod
144 2621 185 2646 eum
197 2623 235 2648 non
248 2615 351 2651 1111111111
376 2615 490 2664 Respondeo,
504 2617 519 2654 si
532 2616 580 2654 ullus
594 2618 668 2656 omnino
681 2623 703 2655 ut

83 2668 219 2705 Ecclesiasticus
233 2672 309 2719 scriptor
322 2673 342 2708 in
355 2674 387 2709 illo
400 2675 458 2723 Opere
471 2676 526 2714 suerit
539 2677 590 2713 testis
599 2678 702 2726 productus,
