1693 2957
165 192 209 228 336*
354 202 481 229 nnecrmurnu
495 201 600 228 nncrrrvun

164 293 258 331 Victorem
267 293 346 340 durasse,
355 294 474 344 aZephyrino
480 306 518 330 esse
526 296 621 330 mutatam.
643 292 696 330 Gaius
705 292 788 340 producit

165 366 175 391 c
184 359 247 392 contra
256 367 285 392 eos
295 355 325 404 qui
339 359 381 393 ante
390 354 513 404 Zephyrinum
527 354 618 402 scripsere,
628 353 659 402 qui
668 353 761 390 Christum
770 357 788 390 ct

165 415 225 452 Deum
232 419 250 452 et
255 409 349 454 homiuem
355 416 482 465 praedicarunt.
496 415 547 452 Inter
552 428 581 452 ecs
587 414 680 462 ignatium
687 427 725 451 non
729 414 788 451 nomi-

165 479 198 511 nat
201 490 206 519 ;
216 488 259 523 ergo
267 476 429 524 erimignorabat.”
442 477 470 513 Ut
475 475 539 512 Caium
549 475 590 511 idco
596 474 688 521 ignorasse
694 474 789 525 ignatium

166 540 238 574 constet
252 537 294 586 quia
303 549 345 574 enm
357 549 395 574 non
407 533 514 582 nominavit
526 547 600 573 neccsse
613 539 640 572 est
652 539 673 572 ut
682 535 738 572 etiarn
747 547 789 572 con-

166 600 203 634 stet
216 611 258 635 cum
268 611 337 645 omnes,
347 611 391 646 quos
401 598 451 635 idem
464 587 555 647 scripsisse
565 595 620 643 norit,
631 596 740 633 nominasse.
767 597 790 633 Id

166 671 208 696 vcro
226 662 309 696 constare
324 671 362 696 non
381 663 455 706 potest:
479 662 532 696 erant
548 659 597 696 enim
614 657 742 707 quamplurimi
759 658 790 707 qui

166 722 209 755 anto
226 718 348 766 Zephyrinum
367 719 458 766 scripsere,
476 722 494 755 et
509 720 604 756 Christum
621 720 681 756 Deum
698 722 716 755 ct
732 718 790 755 homi-

166 791 210 816 nem
227 778 292 825 disere,
311 791 355 828 quos
371 791 430 827 neque
445 778 499 817 Gaius
516 780 606 825 nominat,
623 792 682 829 neque
698 779 791 828 ignorasse

167 840 268 878 censendus
277 844 310 877 est.
336 841 378 877 Imo
387 844 457 877 certum
466 844 494 876 est
503 840 568 877 caium
577 840 679 888 aliquorum
687 841 791 878 testimonia

167 901 249 938 omisisse
259 914 298 948 quae
306 900 396 949 cognorit,
406 904 430 946 ct,
441 900 490 948 quod
496 913 537 937 rem
544 904 626 937 nostram
634 901 707 948 propius
716 905 791 948 spectat,

166 959 208 997 ideo
216 961 305 997 nonnulla
317 960 431 1009 praeteriisse,
444 959 493 1009 qnod
501 973 522 996 ea
530 959 614 997 omnibus
623 964 667 997 nota
674 964 758 1010 putaret,
771 962 792 998 in

167 1034 244 1070 quornm
256 1034 332 1074 numero
341 1022 407 1059 merito
418 1034 462 1075 sanc
474 1022 558 1069 Ignatius
569 1022 664 1071 ponendus
671 1025 701 1065 est
709 1024 791 1060 omniurn

166 1084 284 1130 notissimusJ
298 1084 369 1121 fatente
378 1083 434 1120 etiam
442 1083 488 1121 Viro
497 1083 607 1129 doctissime,
621 1083 636 1119 si
648 1084 739 1133 Epistotas
751 1085 792 1122 illas

168 1145 245 1193 scripsit,
259 1157 289 1181 eas
303 1158 341 1181 non
355 1145 437 1192 potuisse
451 1156 490 1181 uon
503 1144 587 1181 omnibns
603 1156 641 1180 esse
649 1144 791 1193 cognitissimas,

168 1209 207 1243 sinc
222 1218 258 1255 qua
273 1206 371 1243 assertione
386 1208 514 1253 argumentum
526 1217 595 1253 negans
607 1205 675 1242 nullius
688 1210 735 1242 esset
747 1220 792 1254 pon-

155 1276 157 1279 ’
169 1265 222 1302 deris.
248 1266 343 1310 Praeterea,
353 1265 399 1300 certi
407 1264 478 1312 generis
487 1264 583 1312 scriptores
594 1264 674 1300 incertus
683 1265 714 1301 ilie
723 1265 792 1302 Auctor

169 1326 234 1364 statuit
243 1325 348 1374 producere,
357 1337 395 1362 non
404 1329 466 1362 autem
474 1324 524 1370 alios,
532 1324 553 1361 iu
562 1336 597 1373 quo
606 1336 672 1372 genere
682 1327 701 1363 S.
708 1325 792 1374 Ignatins

169 1386 245 1423 minime
253 1386 393 1430 recensebatur,
407 1398 437 1422 eos
449 1384 517 1422 scilicet
526 1385 557 1433 qui
566 1385 649 1421 adversus
656 1387 726 1428 Gentes
737 1387 778 1436 scrip
785 1409 792 1414 -

171 1451 240 1490 serunt,
250 1450 268 1482 et
277 1458 298 1482 ex
310 1446 392 1494 professo
405 1446 489 1482 adversus
503 1446 609 1481 Haereticos.
635 1446 724 1482 Videmus
737 1447 793 1494 igitur

169 1505 218 1541 iilius
226 1505 332 1541 institutum
341 1507 395 1552 atque
408 1504 520 1553 propositum
528 1504 588 1549 fuisse,
598 1504 644 1541 tales
652 1504 741 1542 ductores
752 1520 793 1555 pro-

170 1566 242 1611 ducere,
249 1565 306 1614 qualis
311 1565 396 1614 ignatius
405 1578 443 1601 nou
451 1564 491 1606 fuit,
498 1565 544 1601 tales
550 1564 633 1602 omittere
642 1566 700 1614 qualis
709 1567 793 1615 ignatius

170 1627 245 1665 omuino
253 1627 293 1664 fuit.
319 1628 348 1665 Er
356 1627 428 1665 silentio
436 1627 493 1677 igitur
503 1627 542 1665 Gaii
550 1640 589 1666 non
599 1631 660 1678 potest
671 1628 793 1678 iuicrriigno-

170 1690 217 1726 ratio
230 1689 304 1737 Ignatii.
331 1690 377 1726 Haec
394 1690 456 1726 omnia
472 1689 493 1725 in
506 1690 565 1726 verbis
583 1689 605 1726 ab
620 1690 700 1727 Eusebio
716 1691 794 1729 laudatis

168 1750 290 1798 reperiuntur.
322 1751 369 1787 (turn
386 1750 435 1786 enim
452 1749 533 1786 dicerent
550 1750 663 1786 Artemonici
680 1751 793 1799 antiquiores

170 1822 234 1848 omncs
242 1809 298 1847 etiam
306 1809 403 1859 Apostolos
415 1822 478 1847 eorum
490 1809 591 1847 doctrinam
603 1810 705 1858 tradidisse,
715 1824 791 1862 eamque

170 1871 191 1907 in
199 1871 282 1909 Ecclesia
290 1871 400 1909 custoditam
411 1871 467 1909 fuisse
475 1883 532 1920 usque
541 1872 564 1908 ad
570 1871 650 1909 Victoris
659 1873 793 1921 Episcopatum,

171 1934 190 1968 et
203 1932 237 1970 sub
249 1931 351 1982 Zephyrino
360 1931 448 1969 Pontifice
460 1930 534 1968 demum
547 1945 585 1969 esse
598 1928 723 1978 additeratam,
732 1938 796 1972 contra

171 1993 210 2029 haec
224 1993 250 2029 sic
259 1993 313 2029 Caius
327 1993 364 2037 ille,
378 1992 408 2040 qui
423 1993 456 2029 sub
470 1993 577 2041 Zephyrino,
590 1993 619 2029 vel
631 1992 669 2029 non
682 1993 740 2030 multo
754 1999 795 2042 post

173 2053 264 2101 scripsisse
278 2056 358 2101 putatur,
369 2051 407 2090 Ἦν
416 2051 430 2089 δ’
440 2052 462 2090 ἂν
475 2051 530 2104 τυχὸν
540 2052 617 2090 πιθανὸν
630 2052 650 2091 τὸ
662 2046 765 2103 λεγόμενον
781 2055 797 2093 εἷ

172 2115 197 2162 μὴ
207 2115 278 2164 πρῶτον
290 2113 323 2161 μὲν
332 2113 443 2151 ἀντέπιπτον
451 2112 511 2154 αὐτοῖς
522 2113 542 2151 αἱ
554 2114 600 2152 θεῖαι
612 2115 688 2166 (γραφαΰ
702 2115 732 2154 καὶ
743 2116 796 2154 ἀδελ-

173 2175 212 2223 φῶν
225 2172 244 2211 δέ
256 2188 310 2211 τινων
319 2172 360 2211 ἐστὶ
368 2172 468 2223 Γγραίμμανα
480 2173 599 2224 πρεσβύτερα
610 2177 645 2213 τῶν
655 2175 741 2226 Βίατορας
753 2178 796 2228 χρό-

173 2249 212 2277 νων,
222 2233 234 2271 ἃ
243 2233 308 2271 ἐκεῖναι
320 2231 366 2284 πρὸς
378 2231 402 2270 ad
415 2231 457 2279 ἔθνη
465 2231 511 2283 ὑπὲρ
520 2235 551 2280 τῆς
560 2232 650 2279 ἀληθείας,
660 2235 690 2273 καὶ
704 2236 750 2285 πρὸς
764 2237 796 2279 τὰς

172 2292 214 2330 τότε
222 2291 301 2343 αἱρέσεις
310 2291 400 2343 ἔγραψαν·
410 2291 458 2339 λέγω
467 2290 486 2327 δὲ
498 2290 598 2329 Ἰουστίνου
610 2292 641 2330 rai
652 2293 757 2332 Μιλτιάδου
766 2297 797 2335 καὶ

172 2354 261 2393 Tartarei
276 2353 307 2392 aci
321 2351 432 2402 Κλήμεντος,
446 2351 477 2391 aci
492 2351 556 2405 ἑτέρων
569 2353 662 2399 πλειόνων,
675 2355 797 2398 duodeciacus
820 2347 822 2354 ’Ἴ

173 2415 285 2463 θεολαγεῖται
298 2414 307 2452 ὁ
322 2413 407 2466 Χριστός·
419 2414 443 2452 τὰ
455 2413 491 2465 (γὰρ
505 2413 603 2465 Εἰρηναίου
616 2431 636 2453 τε
649 2415 679 2454 καὶ
691 2416 797 2460 Μελίτωνος

173 2476 204 2513 καὶ
212 2479 248 2513 τῶν
255 2478 325 2512 aarum
334 2475 360 2515 ris
372 2474 433 2522 ἀγνοεῖ
443 2474 518 2521 βιβλία,
528 2476 574 2513 Θεὸν
583 2476 614 2513 καὶ
625 2476 721 2527 ἄνθρωπον
730 2494 797 2526 acrop-

173 2535 264 2583 τγέλλοντα
273 2534 304 2573 τὸν
312 2533 406 2586 Χριστόνς
420 2536 448 2573 Ac
458 2534 539 2582 fortasse
549 2536 570 2573 id
582 2536 629 2583 quod
636 2537 703 2574 dicitnr
714 2538 798 2576 credibile

172 2597 267 2643 uideretur,
279 2597 314 2633 aiei
323 2597 348 2633 eis
356 2595 490 2644 refreparcatar
498 2597 576 2644 primam
585 2598 653 2645 paridem
662 2599 725 2635 diriore
737 2600 798 2649 θαιρ-

173 2661 222 2705 tara,
232 2658 294 2696 deinde
302 2657 384 2706 flatrum
397 2658 506 2706 quorcirca
518 2659 585 2707 scripta
598 2659 674 2697 Victoris
687 2663 738 2698 atate
751 2663 798 2699 cati-
