1679 2935
124 228 178 266 urriv
340 235 434 265 nannenus
448 233 532 264 oarrruur.
574 226 575 229 ’

381 395 444 425 CAPUT
454 394 496 425 VIII.

576 462 578 464 ,
718 446 748 463 rhu.

126 485 150 514 Ad
161 486 222 519 qrratuor
234 483 285 512 ultima
296 491 322 520 pro
334 483 410 522 violatione
423 483 492 521 temporis
505 482 594 520 Argumenta
606 480 703 518 respondetur
720 492 721 495 ¹

145 530 202 561 ductor*
210 531 307 570 Epistolarum
320 532 338 561 de
348 532 440 562 Constantini
453 530 561 562 curiatorum
572 530 609 560 nihil
620 530 703 567 suspicatus.

147 579 218 617 Ireopardi
228 588 256 609 vox
266 579 368 616 antiquitatem
381 578 451 616 Epistola
461 579 480 608 ad
491 579 562 608 Itomanos
574 578 612 607 hand
625 577 704 605 imminuit,

147 626 225 664 FIgrnenta
235 627 287 657 Dahaei
299 626 316 656 de
329 627 364 656 certi
377 627 450 666 cujusdam
462 627 516 657 ordinis
528 627 593 656 rnilitum
604 626 704 664 appellatione.

147 675 218 714 leopardi
222 685 271 705 rocem
277 679 311 706 ante
318 675 409 706 drusianam
415 685 462 705 aevum
468 677 484 705 in
490 685 517 705 usu
522 676 566 706 inisse
572 676 639 705 adversus
645 674 705 704 Buchar-

147 726 179 753 tum
189 725 273 753 ostenditur
292 724 360 761 Iteecptio
370 725 472 762 poenitentium
482 725 561 753 nouitatem
571 724 668 760 Epistularum
677 732 707 751 non

148 771 202 808 probat.
225 771 247 799 Dc
262 771 351 808 Albaspinai
367 771 439 800 sententia
454 771 540 808 disputatur.
559 771 647 806 Onesimum,
663 779 705 808 qucnr

148 819 213 854 ignatius
219 818 275 854 Epheso
283 817 356 854 praefuisse
363 819 388 853 ait)
394 820 467 846 mortuum
476 819 519 847 trisse
529 819 555 846 sub
565 821 629 855 tempore
640 818 706 854 martyrii

148 865 220 899 Ignationi
233 872 307 900 perperam
319 865 391 893 asseritur.
410 864 459 893 Variae
470 865 558 900 quorundam
570 865 587 893 dc
599 866 666 894 Onesimo
677 873 706 893 sen·

149 911 198 940 tentiae
204 911 220 940 id
226 919 256 940 non
263 910 330 940 evincunt
346 932 706 942 .......
725 912 752 941 ibt

331 1069 333 1072 v
392 1028 457 1057 carun
466 1028 492 1056 ru.

132 1118 202 1147 *alienas
212 1118 290 1147 uirtutibus
301 1118 315 1147 S.
322 1118 376 1155 Ignatii
387 1118 496 1156 disparguntur.
516 1118 561 1147 Nulla
571 1119 587 1146 in
598 1118 667 1154 Epistolis
678 1118 711 1155 eius*
733 1108 734 1111 Ἰ

150 1166 209 1194 heresis
218 1166 293 1202 reperitur
312 1165 357 1194 Nulla
367 1166 460 1194 irreverentia
469 1175 503 1201 erga
512 1165 537 1194 SS.
544 1166 603 1194 literas.
622 1166 708 1203 apocrypha

152 1221 190 1249 saepe
201 1221 209 1241 a
220 1212 326 1242 Vetustissimis
337 1212 433 1249 Scriptoribus
444 1213 510 1241 citantur.
530 1212 610 1242 Oasauboni
623 1212 676 1250 duplex
688 1222 709 1241 re-

152 1260 210 1298 sponsio
216 1260 279 1296 offertur,
285 1263 300 1290 et
306 1262 365 1298 utraque
371 1260 436 1298 pluribus
443 1260 520 1290 stabilitur,
539 1261 604 1297 Epistola
610 1260 624 1289 S.
630 1260 684 1297 Ignatii
690 1261 708 1290 ad

152 1309 224 1338 Romanos
233 1308 250 1337 ab
261 1308 364 1345 objectionibus
373 1308 425 1337 Datim
431 1308 516 1338 uindicatur.
536 1307 617 1343 Fortitudo,
624 1309 709 1342 constantiae,

153 1359 167 1386 et
177 1356 289 1398 magnanimitas
299 1356 379 1393 Martyrum
389 1356 491 1390 rlefcndunturr
506 1357 600 1394 plurimisque
610 1357 669 1386 Patrium
681 1366 710 1386 sen·

152 1403 207 1439 ta‘ntiis
221 1406 236 1433 et
248 1404 312 1433 Heroum
325 1403 437 1433 Christianorum
454 1405 524 1442 exemplis
536 1404 635 1441 explicantur:
649 1413 709 1441 qnorum

152 1451 472 1488 litatisconsonaIgnatiiyerbaostendnntur
527 1474 530 1481 .
586 1474 589 1480 .
646 1474 649 1481 .
706 1475 709 1480 .
729 1453 756 1481 aab
792 1455 794 1458 ’

336 1554 340 1564 ¹
398 1569 491 1599 urrann.

136 1659 157 1696 pl.)
166 1657 240 1687 aeracius
246 1657 260 1686 S.
267 1656 321 1693 Ignatii
329 1656 413 1686 defendiinr,
433 1657 470 1691 Quid
477 1658 497 1686 sit
503 1659 540 1686 πᾶσα
545 1658 620 1693 Ἐπιστολὴ
627 1659 709 1696 explicatur:

153 1705 222 1742 Epistulae
226 1704 240 1734 S.
244 1704 285 1733 Pauli
289 1704 307 1733 ad
312 1704 381 1740 Ephesios
387 1707 438 1733 natura
442 1705 518 1741 singularis
523 1705 611 1734 describitur,
622 1705 661 1735 Vera
666 1707 709 1735 lectio

154 1754 168 1782 et
175 1751 246 1786 Auctoris,
252 1753 266 1780 et
273 1751 381 1789 lnterpolatorts
387 1751 458 1781 asseritur,
479 1751 510 1790 (ll.)
521 1752 676 1790 Auctorhlpistolarum
682 1763 711 1783 non

154 1801 190 1830 dicit
196 1809 211 1828 se
217 1800 291 1829 Christum
297 1801 314 1828 in
321 1809 362 1829 carne
368 1800 425 1828 vidisse.
445 1800 490 1829 Graeci
499 1800 554 1829 codices
561 1808 614 1834 omnes,
621 1802 636 1829 ct
642 1800 711 1837 Veterum

153 1849 224 1885 Exaerpta
234 1847 263 1876 ciac
272 1855 302 1876 non
312 1847 346 1876 ridor
356 1849 438 1883 agnoscunt,
458 1846 523 1875 ltuffiuus
529 1849 544 1876 et
550 1846 612 1876 librarii
618 1849 675 1876 textum
683 1857 711 1878 cor·
758 1879 761 1882 ,

154 1896 209 1933 rupisse
219 1895 257 1924 male
268 1894 339 1923 dicuntur.
358 1894 445 1931 Hieronymi
458 1895 535 1923 auctoritas
547 1895 563 1923 in
575 1895 647 1925 vertendis
658 1896 712 1925 Graecis

154 1944 196 1973 tanta
201 1952 230 1971 non
237 1945 262 1976 est¹
269 1945 286 1970 ut
292 1942 374 1971 Graecorum
384 1943 449 1971 omnium
455 1941 524 1971 (lodicum
530 1942 573 1971 fidem
579 1942 595 1972 iu
602 1943 662 1973 dublum
668 1947 712 1974 vocet,

156 1990 222 2025 Hugonis
229 1989 276 2018 Gratti
282 1990 359 2026 explicatio
365 1989 450 2018 defenditur.
465 1990 504 2027 (Ill.)
514 1989 549 2024 Quae
554 1990 643 2020 habentann
648 1990 713 2029 Epistola

156 2039 174 2067 de
183 2037 228 2066 Stella
238 2037 285 2073 blagis
291 2038 322 2066 visa
327 2039 380 2066 temere
386 2037 440 2074 scripta
448 2045 477 2066 non
483 2039 520 2067 sunt.
539 2037 593 2068 Eadem
599 2038 659 2075 plurimi
665 2040 681 2068 in
687 2039 712 2068 Ec·

156 2086 199 2115 alesia
205 2085 261 2122 sequuti
268 2087 304 2113 sunt
329 2084 366 2122 (IV.)
377 2084 450 2113 Christum
457 2084 502 2113 edisse
508 2087 523 2114 et
529 2086 581 2115 bibisse
587 2080 619 2124 post
625 2089 712 2117 resurrectio·

156 2141 190 2162 nem
197 2140 227 2161 non
233 2131 270 2161 male
276 2132 343 2161 asseritur
353 2153 712 2164 .......
731 2137 758 2167 Iti

401 2237 464 2267 aaran
475 2238 501 2267 XI.

138 2326 199 2355 Doeetaa
205 2325 281 2354 nonnullos
288 2326 305 2354 ab
312 2326 402 2356 EucharistIo
408 2326 493 2356 abstinuisse
499 2335 525 2365 par
531 2328 617 2358 esterederet
633 2328 713 2359 Simoniani

156 2381 186 2403 non
193 2373 242 2402 statim
248 2376 281 2411 post
288 2377 349 2405 mortem
356 2376 418 2405 Simonis
425 2378 516 2405 evanuerunt.
535 2376 570 2405 Non
576 2379 634 2416 apparet
640 2377 714 2412 ignatium

159 2421 216 2454 dixisse,
228 2420 299 2449 Romanos
311 2422 359 2450 fideles
370 2423 411 2450 facile
423 2422 471 2459 ipsum
482 2432 490 2452 a
501 2423 572 2461 supplicio
583 2424 637 2462 eripere
647 2425 713 2462 potuisse.

159 2467 210 2502 Neque
221 2463 235 2495 si
246 2467 303 2502 dixerit,
314 2471 406 2497 veracitatem
419 2470 449 2507 ejus
461 2471 477 2499 in
488 2471 548 2500 dubium
561 2473 605 2502 vocat.
626 2471 675 2502 Potuit
687 2472 714 2503 sibi

158 2515 171 2547 S.
177 2513 242 2551 ignatius
246 2517 318 2545 scribendi
324 2519 401 2547 secundam
407 2519 487 2556 Epistulam
493 2520 511 2549 ad
517 2520 586 2557 Ephesios
593 2520 714 2558 opportunitatem

157 2564 226 2603 polliceri⁴
246 2564 330 2602 Redemptio
337 2575 345 2595 a
351 2566 426 2596 vexatione
431 2567 500 2603 militum,
507 2571 521 2597 et
527 2569 586 2598 facultas
592 2569 641 2597 liberae
646 2569 714 2598 custodiae

158 2613 265 2656 Confessoribus
271 2614 288 2641 ab
295 2613 362 2642 Ecclesiis
371 2615 443 2651 procurari
450 2615 493 2645 sollta
499 2615 529 2645 inse
536 2615 627 2645 describitur:
644 2616 714 2647 Modestia

157 2660 226 2698 Martyris
232 2662 264 2690 tum
271 2669 305 2698 erga
311 2661 389 2692 'lrallhnos
395 2664 427 2692 tum
433 2672 467 2700 erga
473 2663 567 2700 Polycarpum
574 2664 655 2693 defenditur
710 2689 713 2695 .
734 2669 759 2696 503
