<?xml version="1.0" encoding="UTF-8"?>
<!DOCTYPE html PUBLIC "-//W3C//DTD XHTML 1.0 Transitional//EN"
    "http://www.w3.org/TR/xhtml1/DTD/xhtml1-transitional.dtd">
<html xmlns="http://www.w3.org/1999/xhtml" xml:lang="en" lang="en">
 <head>
  <title>
</title>
<meta http-equiv="Content-Type" content="text/html;charset=utf-8" />
  <meta name='ocr-system' content='tesseract 3.04.00' />
  <meta name='ocr-capabilities' content='ocr_page ocr_carea ocr_par ocr_line ocrx_word'/>
</head>
<body>
  <div class='ocr_page' id='page_1' title='image "MN41843ucmf_1_0295.png"; bbox 0 0 1679 2935; ppageno 0'>
   <div class='ocr_carea' id='block_1_1' title="bbox 171 146 652 191">
    <p class='ocr_par' dir='ltr' id='par_1_1' title="bbox 171 146 652 191">
     <span class='ocr_line' id='line_1_1' title="bbox 171 146 652 191; baseline -0.008 -1"><span class='ocrx_word' id='word_1_1' title='bbox 171 159 173 163; x_wconf 63' lang='lat'><em>⁴</em></span> <span class='ocrx_word' id='word_1_2' title='bbox 185 163 208 191; x_wconf 78' lang='lat' dir='ltr'><em>aa</em></span> <span class='ocrx_word' id='word_1_3' title='bbox 221 161 360 189; x_wconf 81' lang='lat' dir='ltr'><em>oumcmoumus</em></span> <span class='ocrx_word' id='word_1_4' title='bbox 372 160 502 187; x_wconf 80' lang='lat' dir='ltr'><em>muoromruu.</em></span> <span class='ocrx_word' id='word_1_5' title='bbox 613 146 652 187; x_wconf 74' lang='lat'><em>5241</em></span> 
     </span>
    </p>
   </div>
   <div class='ocr_carea' id='block_1_2' title="bbox 33 249 662 1211">
    <p class='ocr_par' dir='ltr' id='par_1_2' title="bbox 33 249 659 969">
     <span class='ocr_line' id='line_1_2' title="bbox 33 249 654 300; baseline -0.019 -5"><span class='ocrx_word' id='word_1_6' title='bbox 33 263 104 295; x_wconf 81' lang='lat' dir='ltr'><em>sauctus</em></span> <span class='ocrx_word' id='word_1_7' title='bbox 115 257 135 293; x_wconf 82' lang='lat' dir='ltr'><em>te</em></span> <span class='ocrx_word' id='word_1_8' title='bbox 146 254 198 299; x_wconf 71' lang='lat' dir='ltr'><em>etat,</em></span> <span class='ocrx_word' id='word_1_9' title='bbox 207 253 254 300; x_wconf 75' lang='lat' dir='ltr'><em>quod</em></span> <span class='ocrx_word' id='word_1_10' title='bbox 263 252 334 288; x_wconf 76' lang='lat' dir='ltr'><em>videtur</em></span> <span class='ocrx_word' id='word_1_11' title='bbox 346 251 406 286; x_wconf 78' lang='lat' dir='ltr'><em>cudae</em></span> <span class='ocrx_word' id='word_1_12' title='bbox 415 260 457 294; x_wconf 76' lang='lat' dir='ltr'><em>esse,</em></span> <span class='ocrx_word' id='word_1_13' title='bbox 468 253 527 284; x_wconf 76' lang='lat' dir='ltr'><em>toreca</em></span> <span class='ocrx_word' id='word_1_14' title='bbox 535 249 603 284; x_wconf 83' lang='lat' dir='ltr'><em>iocatus</em></span> <span class='ocrx_word' id='word_1_15' title='bbox 615 252 654 284; x_wconf 59' lang='lat' dir='ltr'><em>est?</em></span> 
     </span>
     <span class='ocr_line' id='line_1_3' title="bbox 34 309 656 367; baseline -0.019 -12"><span class='ocrx_word' id='word_1_16' title='bbox 34 318 121 367; x_wconf 80' lang='lat' dir='ltr'><em>qaidjom</em></span> <span class='ocrx_word' id='word_1_17' title='bbox 134 317 166 352; x_wconf 85' lang='lat' dir='ltr'><em>boo</em></span> <span class='ocrx_word' id='word_1_18' title='bbox 179 314 220 350; x_wconf 79' lang='lat' dir='ltr'><em>cst?</em></span> <span class='ocrx_word' id='word_1_19' title='bbox 232 324 254 348; x_wconf 84' lang='lat' dir='ltr'><em>ae</em></span> <span class='ocrx_word' id='word_1_20' title='bbox 268 310 353 357; x_wconf 66' lang='grc' dir='ltr'>μανίην-11</span> <span class='ocrx_word' id='word_1_21' title='bbox 366 309 436 358; x_wconf 83' lang='lat' dir='ltr'><em>quidem</em></span> <span class='ocrx_word' id='word_1_22' title='bbox 450 309 553 358; x_wconf 79' lang='lat' dir='ltr'><em>soayaiaem</em></span> <span class='ocrx_word' id='word_1_23' title='bbox 562 311 656 356; x_wconf 82' lang='lat' dir='ltr'><em>peccatura</em></span> 
     </span>
     <span class='ocr_line' id='line_1_4' title="bbox 33 370 656 426; baseline -0.019 -8"><span class='ocrx_word' id='word_1_24' title='bbox 33 382 66 418; x_wconf 83' lang='lat' dir='ltr'><em>boc</em></span> <span class='ocrx_word' id='word_1_25' title='bbox 74 376 177 416; x_wconf 75' lang='lat' dir='ltr'><strong>schismatis</strong></span> <span class='ocrx_word' id='word_1_26' title='bbox 186 376 243 411; x_wconf 71' lang='lat' dir='ltr'><em>elaea-e</em></span> <span class='ocrx_word' id='word_1_27' title='bbox 250 384 304 421; x_wconf 78' lang='lat' dir='ltr'><em>posse</em></span> <span class='ocrx_word' id='word_1_28' title='bbox 312 372 364 409; x_wconf 82' lang='lat' dir='ltr'><em>dicit.</em></span> <span class='ocrx_word' id='word_1_29' title='bbox 391 370 478 409; x_wconf 69' lang='lat' dir='ltr'><em>Quamvis</em></span> <span class='ocrx_word' id='word_1_30' title='bbox 489 373 551 426; x_wconf 77' lang='lat' dir='ltr'><em>autem</em></span> <span class='ocrx_word' id='word_1_31' title='bbox 562 370 656 407; x_wconf 88' lang='lat' dir='ltr'><em>neminem</em></span> 
     </span>
     <span class='ocr_line' id='line_1_5' title="bbox 34 432 657 487; baseline -0.016 -9"><span class='ocrx_word' id='word_1_32' title='bbox 34 440 122 484; x_wconf 80' lang='lat' dir='ltr'><em>nominet,</em></span> <span class='ocrx_word' id='word_1_33' title='bbox 131 435 212 487; x_wconf 86' lang='lat' dir='ltr'><em>quamvis</em></span> <span class='ocrx_word' id='word_1_34' title='bbox 221 438 249 471; x_wconf 92' lang='lat' dir='ltr'><em>ter</em></span> <span class='ocrx_word' id='word_1_35' title='bbox 258 434 325 470; x_wconf 72' lang='lat' dir='ltr'><em>risose</em></span> <span class='ocrx_word' id='word_1_36' title='bbox 336 445 383 479; x_wconf 83' lang='lat' dir='ltr'><em>eum,</em></span> <span class='ocrx_word' id='word_1_37' title='bbox 392 445 487 481; x_wconf 89' lang='lat' dir='ltr'><em>nunqnam</em></span> <span class='ocrx_word' id='word_1_38' title='bbox 496 436 557 469; x_wconf 87' lang='lat' dir='ltr'><em>autem</em></span> <span class='ocrx_word' id='word_1_39' title='bbox 565 432 657 479; x_wconf 73' lang='lat' dir='ltr'><em>scripsisse</em></span> 
     </span>
     <span class='ocr_line' id='line_1_6' title="bbox 34 492 658 544; baseline -0.016 -4"><span class='ocrx_word' id='word_1_40' title='bbox 34 502 70 540; x_wconf 89' lang='lat' dir='ltr'><em>ista</em></span> <span class='ocrx_word' id='word_1_41' title='bbox 82 502 155 544; x_wconf 77' lang='lat' dir='ltr'><em>asserat,</em></span> <span class='ocrx_word' id='word_1_42' title='bbox 168 509 206 534; x_wconf 90' lang='lat' dir='ltr'><em>non</em></span> <span class='ocrx_word' id='word_1_43' title='bbox 219 498 282 532; x_wconf 90' lang='lat' dir='ltr'><em>tamen</em></span> <span class='ocrx_word' id='word_1_44' title='bbox 290 493 412 532; x_wconf 85' lang='lat' dir='ltr'><em>dubitandum</em></span> <span class='ocrx_word' id='word_1_45' title='bbox 420 507 459 531; x_wconf 86' lang='lat' dir='ltr'><em>esse</em></span> <span class='ocrx_word' id='word_1_46' title='bbox 468 492 532 539; x_wconf 85' lang='lat' dir='ltr'><em>sentio,</em></span> <span class='ocrx_word' id='word_1_47' title='bbox 539 493 586 542; x_wconf 81' lang='lat' dir='ltr'><em>quin</em></span> <span class='ocrx_word' id='word_1_48' title='bbox 596 494 614 530; x_wconf 85' lang='lat' dir='ltr'><em>S.</em></span> <span class='ocrx_word' id='word_1_49' title='bbox 622 493 658 542; x_wconf 84' lang='lat' dir='ltr'><em>Cy-</em></span> 
     </span>
     <span class='ocr_line' id='line_1_7' title="bbox 35 555 658 613; baseline -0.014 -13"><span class='ocrx_word' id='word_1_50' title='bbox 35 563 119 613; x_wconf 84' lang='lat' dir='ltr'><em>prianum</em></span> <span class='ocrx_word' id='word_1_51' title='bbox 127 556 242 601; x_wconf 81' lang='lat' dir='ltr'><em>intellexerit,</em></span> <span class='ocrx_word' id='word_1_52' title='bbox 255 559 273 593; x_wconf 91' lang='lat' dir='ltr'><em>et</em></span> <span class='ocrx_word' id='word_1_53' title='bbox 284 555 366 593; x_wconf 88' lang='lat' dir='ltr'><em>libellum</em></span> <span class='ocrx_word' id='word_1_54' title='bbox 375 556 398 593; x_wconf 89' lang='lat' dir='ltr'><em>de</em></span> <span class='ocrx_word' id='word_1_55' title='bbox 406 555 484 593; x_wconf 90' lang='lat' dir='ltr'><em>Unitate</em></span> <span class='ocrx_word' id='word_1_56' title='bbox 492 555 579 592; x_wconf 83' lang='lat' dir='ltr'><em>Ecclesiae</em></span> <span class='ocrx_word' id='word_1_57' title='bbox 586 560 658 603; x_wconf 79' lang='lat' dir='ltr'><em>respex-</em></span> 
     </span>
     <span class='ocr_line' id='line_1_8' title="bbox 36 614 659 667; baseline -0.011 -10"><span class='ocrx_word' id='word_1_58' title='bbox 36 624 75 667; x_wconf 84' lang='lat' dir='ltr'><em>erit,</em></span> <span class='ocrx_word' id='word_1_59' title='bbox 90 621 110 657; x_wconf 91' lang='lat' dir='ltr'><em>in</em></span> <span class='ocrx_word' id='word_1_60' title='bbox 125 630 160 667; x_wconf 90' lang='lat' dir='ltr'><em>quo</em></span> <span class='ocrx_word' id='word_1_61' title='bbox 172 618 208 653; x_wconf 85' lang='lat' dir='ltr'><em>ista</em></span> <span class='ocrx_word' id='word_1_62' title='bbox 221 616 243 651; x_wconf 89' lang='lat' dir='ltr'><em>de</em></span> <span class='ocrx_word' id='word_1_63' title='bbox 259 615 384 653; x_wconf 69' lang='lat' dir='ltr'><em>schismaticis</em></span> <span class='ocrx_word' id='word_1_64' title='bbox 394 615 478 664; x_wconf 84' lang='lat' dir='ltr'><em>legimus,</em></span> <span class='ocrx_word' id='word_1_65' title='bbox 492 614 563 652; x_wconf 80' lang='lat' dir='ltr'><em>“Tales</em></span> <span class='ocrx_word' id='word_1_66' title='bbox 575 614 631 651; x_wconf 82' lang='lat' dir='ltr'><em>etiam</em></span> <span class='ocrx_word' id='word_1_67' title='bbox 643 614 659 651; x_wconf 90' lang='lat' dir='ltr'><em>si</em></span> 
     </span>
     <span class='ocr_line' id='line_1_9' title="bbox 36 676 659 725; baseline -0.01 -6"><span class='ocrx_word' id='word_1_68' title='bbox 36 681 90 719; x_wconf 85' lang='lat' dir='ltr'><em>occisi</em></span> <span class='ocrx_word' id='word_1_69' title='bbox 95 680 115 716; x_wconf 88' lang='lat' dir='ltr'><em>in</em></span> <span class='ocrx_word' id='word_1_70' title='bbox 122 677 235 716; x_wconf 86' lang='lat' dir='ltr'><em>confessione</em></span> <span class='ocrx_word' id='word_1_71' title='bbox 243 676 323 713; x_wconf 87' lang='lat' dir='ltr'><em>nominis</em></span> <span class='ocrx_word' id='word_1_72' title='bbox 328 676 402 723; x_wconf 76' lang='lat' dir='ltr'><em>inerint,</em></span> <span class='ocrx_word' id='word_1_73' title='bbox 408 676 480 714; x_wconf 87' lang='lat' dir='ltr'><em>macula</em></span> <span class='ocrx_word' id='word_1_74' title='bbox 487 676 563 714; x_wconf 89' lang='lat' dir='ltr'><em>istanec</em></span> <span class='ocrx_word' id='word_1_75' title='bbox 570 676 659 725; x_wconf 77' lang='lat' dir='ltr'><em>sanguine</em></span> 
     </span>
     <span class='ocr_line' id='line_1_10' title="bbox 36 737 659 787; baseline -0.008 -8"><span class='ocrx_word' id='word_1_76' title='bbox 36 741 108 779; x_wconf 81' lang='lat' dir='ltr'><strong>eluitur.</strong></span> <span class='ocrx_word' id='word_1_77' title='bbox 133 737 252 786; x_wconf 80' lang='lat' dir='ltr'><em>inexpiabilis</em></span> <span class='ocrx_word' id='word_1_78' title='bbox 262 741 280 775; x_wconf 90' lang='lat' dir='ltr'><em>et</em></span> <span class='ocrx_word' id='word_1_79' title='bbox 289 738 348 786; x_wconf 82' lang='lat' dir='ltr'><em>gravis</em></span> <span class='ocrx_word' id='word_1_80' title='bbox 357 738 410 787; x_wconf 85' lang='lat' dir='ltr'><em>eulpa</em></span> <span class='ocrx_word' id='word_1_81' title='bbox 422 737 516 776; x_wconf 84' lang='lat' dir='ltr'><em>discordiae</em></span> <span class='ocrx_word' id='word_1_82' title='bbox 528 740 562 775; x_wconf 86' lang='lat' dir='ltr'><em>nec</em></span> <span class='ocrx_word' id='word_1_83' title='bbox 574 737 659 787; x_wconf 78' lang='lat' dir='ltr'><em>passione</em></span> 
     </span>
     <span class='ocr_line' id='line_1_11' title="bbox 36 796 658 850; baseline -0.006 -13"><span class='ocrx_word' id='word_1_84' title='bbox 36 800 142 850; x_wconf 75' lang='lat' dir='ltr'><em>purgatm’.”</em></span> <span class='ocrx_word' id='word_1_85' title='bbox 168 799 209 835; x_wconf 88' lang='lat' dir='ltr'><em>Hoc</em></span> <span class='ocrx_word' id='word_1_86' title='bbox 221 802 248 835; x_wconf 88' lang='lat' dir='ltr'><em>est</em></span> <span class='ocrx_word' id='word_1_87' title='bbox 259 798 307 845; x_wconf 91' lang='lat' dir='ltr'><em>quod</em></span> <span class='ocrx_word' id='word_1_88' title='bbox 316 799 457 846; x_wconf 81' lang='lat' dir='ltr'><em>Chrysostomns</em></span> <span class='ocrx_word' id='word_1_89' title='bbox 470 796 561 848; x_wconf 76' lang='grc' dir='ltr'>τολμηρὸν</span> <span class='ocrx_word' id='word_1_90' title='bbox 574 798 658 845; x_wconf 85' lang='lat' dir='ltr'><em>appellat,</em></span> 
     </span>
     <span class='ocr_line' id='line_1_12' title="bbox 37 857 658 910; baseline -0.006 -12"><span class='ocrx_word' id='word_1_91' title='bbox 37 860 85 910; x_wconf 91' lang='lat' dir='ltr'><em>quod</em></span> <span class='ocrx_word' id='word_1_92' title='bbox 93 859 194 908; x_wconf 78' lang='lat' dir='ltr'><em>Cyprianus</em></span> <span class='ocrx_word' id='word_1_93' title='bbox 204 857 286 906; x_wconf 85' lang='lat' dir='ltr'><em>pluribus</em></span> <span class='ocrx_word' id='word_1_94' title='bbox 295 860 359 895; x_wconf 85' lang='lat' dir='ltr'><em>tamen</em></span> <span class='ocrx_word' id='word_1_95' title='bbox 369 858 439 907; x_wconf 84' lang='lat' dir='ltr'><em>probat,</em></span> <span class='ocrx_word' id='word_1_96' title='bbox 449 862 468 895; x_wconf 90' lang='lat' dir='ltr'><em>et</em></span> <span class='ocrx_word' id='word_1_97' title='bbox 476 858 499 894; x_wconf 89' lang='lat' dir='ltr'><em>ad</em></span> <span class='ocrx_word' id='word_1_98' title='bbox 507 859 546 907; x_wconf 85' lang='lat' dir='ltr'><em>ejus</em></span> <span class='ocrx_word' id='word_1_99' title='bbox 554 859 658 906; x_wconf 70' lang='lat' dir='ltr'><em>exemplum</em></span> 
     </span>
     <span class='ocr_line' id='line_1_13' title="bbox 37 918 572 969; baseline -0.006 -10"><span class='ocrx_word' id='word_1_100' title='bbox 37 922 91 959; x_wconf 90' lang='lat' dir='ltr'><em>etiam</em></span> <span class='ocrx_word' id='word_1_101' title='bbox 99 919 167 957; x_wconf 80' lang='lat' dir='ltr'><em>ibidem</em></span> <span class='ocrx_word' id='word_1_102' title='bbox 177 919 317 969; x_wconf 67' lang='lat' dir='ltr'><em>chrysostomus</em></span> <span class='ocrx_word' id='word_1_103' title='bbox 324 919 364 968; x_wconf 89' lang='lat' dir='ltr'><em>ipse</em></span> <span class='ocrx_word' id='word_1_104' title='bbox 372 919 430 956; x_wconf 84' lang='lat' dir='ltr'><em>fusius</em></span> <span class='ocrx_word' id='word_1_105' title='bbox 438 918 554 969; x_wconf 84' lang='lat' dir='ltr'><em>persequitur</em></span> <span class='ocrx_word' id='word_1_106' title='bbox 558 925 572 956; x_wconf 62' lang='lat'><em>³.</em></span> 
     </span>
    </p>

    <p class='ocr_par' dir='ltr' id='par_1_3' title="bbox 35 980 662 1211">
     <span class='ocr_line' id='line_1_14' title="bbox 62 980 660 1030; baseline -0.003 -11"><span class='ocrx_word' id='word_1_107' title='bbox 62 986 73 1003; x_wconf 86' lang='lat'><strong><em>“</em></strong></span> <span class='ocrx_word' id='word_1_108' title='bbox 82 982 118 1019; x_wconf 82' lang='lat' dir='ltr'><em>Sed</em></span> <span class='ocrx_word' id='word_1_109' title='bbox 127 993 148 1018; x_wconf 82' lang='lat' dir='ltr'><em>ex</em></span> <span class='ocrx_word' id='word_1_110' title='bbox 157 981 286 1030; x_wconf 68' lang='lat' dir='ltr'><em>chrysostomo</em></span> <span class='ocrx_word' id='word_1_111' title='bbox 294 981 340 1018; x_wconf 85' lang='lat' dir='ltr'><em>certi</em></span> <span class='ocrx_word' id='word_1_112' title='bbox 348 982 428 1026; x_wconf 79' lang='lat' dir='ltr'><em>sumus‚”</em></span> <span class='ocrx_word' id='word_1_113' title='bbox 435 980 496 1029; x_wconf 84' lang='lat' dir='ltr'><em>inquit</em></span> <span class='ocrx_word' id='word_1_114' title='bbox 505 980 591 1027; x_wconf 83' lang='lat' dir='ltr'><em>Dallaeus,</em></span> <span class='ocrx_word' id='word_1_115' title='bbox 602 983 613 1001; x_wconf 82' lang='lat'><strong>“</strong></span> <span class='ocrx_word' id='word_1_116' title='bbox 620 981 660 1018; x_wconf 86' lang='lat' dir='ltr'><em>haec</em></span> 
     </span>
     <span class='ocr_line' id='line_1_15' title="bbox 37 1041 660 1091; baseline -0.003 -11"><span class='ocrx_word' id='word_1_117' title='bbox 37 1044 100 1089; x_wconf 75' lang='grc'>11111111</span> <span class='ocrx_word' id='word_1_118' title='bbox 107 1041 202 1089; x_wconf 76' lang='lat' dir='ltr'><em>Ignatiam</em></span> <span class='ocrx_word' id='word_1_119' title='bbox 211 1042 234 1078; x_wconf 87' lang='lat' dir='ltr'><em>ad</em></span> <span class='ocrx_word' id='word_1_120' title='bbox 242 1042 334 1078; x_wconf 82' lang='lat' dir='ltr'><em>Romanos</em></span> <span class='ocrx_word' id='word_1_121' title='bbox 342 1045 440 1091; x_wconf 67' lang='lat' dir='ltr'><em>praesentes</em></span> <span class='ocrx_word' id='word_1_122' title='bbox 449 1041 520 1079; x_wconf 82' lang='lat' dir='ltr'><em>dixisse.</em></span> <span class='ocrx_word' id='word_1_123' title='bbox 540 1042 608 1078; x_wconf 86' lang='lat' dir='ltr'><em>Parum</em></span> <span class='ocrx_word' id='word_1_124' title='bbox 617 1054 660 1090; x_wconf 83' lang='lat' dir='ltr'><em>ergo</em></span> 
     </span>
     <span class='ocr_line' id='line_1_16' title="bbox 35 1101 661 1151; baseline 0 -12"><span class='ocrx_word' id='word_1_125' title='bbox 35 1107 65 1139; x_wconf 89' lang='lat' dir='ltr'><em>est</em></span> <span class='ocrx_word' id='word_1_126' title='bbox 72 1101 165 1151; x_wconf 82' lang='lat' dir='ltr'><em>probabile</em></span> <span class='ocrx_word' id='word_1_127' title='bbox 178 1101 241 1138; x_wconf 89' lang='lat' dir='ltr'><em>eadem</em></span> <span class='ocrx_word' id='word_1_128' title='bbox 248 1102 287 1150; x_wconf 82' lang='lat' dir='ltr'><em>jam</em></span> <span class='ocrx_word' id='word_1_129' title='bbox 295 1105 338 1139; x_wconf 89' lang='lat' dir='ltr'><em>ante</em></span> <span class='ocrx_word' id='word_1_130' title='bbox 350 1102 428 1139; x_wconf 85' lang='lat' dir='ltr'><em>eundem</em></span> <span class='ocrx_word' id='word_1_131' title='bbox 439 1103 523 1150; x_wconf 81' lang='lat' dir='ltr'><em>Smyrnae</em></span> <span class='ocrx_word' id='word_1_132' title='bbox 531 1102 661 1139; x_wconf 84' lang='lat' dir='ltr'><em>consistentem</em></span> 
     </span>
     <span class='ocr_line' id='line_1_17' title="bbox 38 1161 662 1211; baseline -0.002 -12"><span class='ocrx_word' id='word_1_133' title='bbox 38 1163 61 1199; x_wconf 90' lang='lat' dir='ltr'><em>ad</em></span> <span class='ocrx_word' id='word_1_134' title='bbox 70 1164 161 1199; x_wconf 82' lang='lat' dir='ltr'><em>Romanos</em></span> <span class='ocrx_word' id='word_1_135' title='bbox 169 1162 278 1209; x_wconf 58' lang='lat' dir='ltr'><em>saepsisse-¹</em></span> <span class='ocrx_word' id='word_1_136' title='bbox 304 1161 360 1199; x_wconf 85' lang='lat' dir='ltr'><em>Unde</em></span> <span class='ocrx_word' id='word_1_137' title='bbox 365 1162 427 1198; x_wconf 76' lang='lat' dir='ltr'><em>autem</em></span> <span class='ocrx_word' id='word_1_138' title='bbox 433 1173 456 1198; x_wconf 82' lang='lat' dir='ltr'><em>en</em></span> <span class='ocrx_word' id='word_1_139' title='bbox 461 1162 591 1211; x_wconf 67' lang='lat' dir='ltr'><em>chrysostomo</em></span> <span class='ocrx_word' id='word_1_140' title='bbox 599 1163 611 1180; x_wconf 86' lang='lat'><em>“</em></span> <span class='ocrx_word' id='word_1_141' title='bbox 617 1161 662 1198; x_wconf 87' lang='lat' dir='ltr'><em>oerti</em></span> 
     </span>
    </p>
   </div>
   <div class='ocr_carea' id='block_1_3' title="bbox 38 1222 722 1273">
    <p class='ocr_par' dir='ltr' id='par_1_4' title="bbox 38 1222 722 1273">
     <span class='ocr_line' id='line_1_18' title="bbox 38 1222 722 1273; baseline 0.001 -14"><span class='ocrx_word' id='word_1_142' title='bbox 38 1223 109 1259; x_wconf 86' lang='lat' dir='ltr'><em>simus&#39;’</em></span> <span class='ocrx_word' id='word_1_143' title='bbox 119 1222 213 1271; x_wconf 78' lang='lat' dir='ltr'><em>ignatium</em></span> <span class='ocrx_word' id='word_1_144' title='bbox 222 1235 244 1259; x_wconf 85' lang='lat' dir='ltr'><em>ea</em></span> <span class='ocrx_word' id='word_1_145' title='bbox 251 1222 306 1259; x_wconf 87' lang='lat' dir='ltr'><em>verba</em></span> <span class='ocrx_word' id='word_1_146' title='bbox 315 1224 327 1241; x_wconf 90' lang='lat'><strong>“</strong></span> <span class='ocrx_word' id='word_1_147' title='bbox 332 1223 415 1268; x_wconf 65' lang='grc' dir='ltr'><em>1101111,υ</em></span> <span class='ocrx_word' id='word_1_148' title='bbox 425 1226 457 1260; x_wconf 91' lang='lat' dir='ltr'><em>aut</em></span> <span class='ocrx_word' id='word_1_149' title='bbox 466 1224 478 1242; x_wconf 85' lang='lat'><em>“</em></span> <span class='ocrx_word' id='word_1_150' title='bbox 484 1222 508 1259; x_wconf 88' lang='lat' dir='ltr'><em>ad</em></span> <span class='ocrx_word' id='word_1_151' title='bbox 516 1223 608 1273; x_wconf 78' lang='lat' dir='ltr'><em>Romanos</em></span> <span class='ocrx_word' id='word_1_152' title='bbox 616 1228 662 1272; x_wconf 79' lang='lat' dir='ltr'><em>prae·</em></span> <span class='ocrx_word' id='word_1_153' title='bbox 720 1222 722 1224; x_wconf 71' lang='grc'>’</span> 
     </span>
    </p>
   </div>
   <div class='ocr_carea' id='block_1_4' title="bbox 39 1283 662 1332">
    <p class='ocr_par' dir='ltr' id='par_1_5' title="bbox 39 1283 662 1332">
     <span class='ocr_line' id='line_1_19' title="bbox 39 1283 662 1332; baseline 0.002 -13"><span class='ocrx_word' id='word_1_154' title='bbox 39 1284 114 1320; x_wconf 80' lang='lat' dir='ltr'><em>sentes¹’</em></span> <span class='ocrx_word' id='word_1_155' title='bbox 129 1283 230 1331; x_wconf 79' lang='lat' dir='ltr'><em>probalisse,</em></span> <span class='ocrx_word' id='word_1_156' title='bbox 245 1296 278 1332; x_wconf 78' lang='lat' dir='ltr'><em>ego</em></span> <span class='ocrx_word' id='word_1_157' title='bbox 287 1295 325 1320; x_wconf 86' lang='lat' dir='ltr'><em>non</em></span> <span class='ocrx_word' id='word_1_158' title='bbox 337 1283 426 1331; x_wconf 80' lang='lat' dir='ltr'><em>intelligo.</em></span> <span class='ocrx_word' id='word_1_159' title='bbox 452 1284 497 1321; x_wconf 85' lang='lat' dir='ltr'><em>Non</em></span> <span class='ocrx_word' id='word_1_160' title='bbox 505 1284 554 1320; x_wconf 84' lang='lat' dir='ltr'><em>enim</em></span> <span class='ocrx_word' id='word_1_161' title='bbox 564 1283 608 1321; x_wconf 91' lang='lat' dir='ltr'><em>dicit</em></span> <span class='ocrx_word' id='word_1_162' title='bbox 620 1291 662 1321; x_wconf 87' lang='lat' dir='ltr'><em>eum</em></span> 
     </span>
    </p>
   </div>
   <div class='ocr_carea' id='block_1_5' title="bbox 39 1344 720 1393">
    <p class='ocr_par' dir='ltr' id='par_1_6' title="bbox 39 1344 720 1393">
     <span class='ocr_line' id='line_1_20' title="bbox 39 1344 720 1393; baseline 0 -11"><span class='ocrx_word' id='word_1_163' title='bbox 39 1346 50 1363; x_wconf 86' lang='lat'><em>“</em></span> <span class='ocrx_word' id='word_1_164' title='bbox 57 1344 138 1383; x_wconf 67' lang='lat' dir='ltr'><em>aomar</em></span> <span class='ocrx_word' id='word_1_165' title='bbox 147 1348 188 1381; x_wconf 89' lang='lat' dir='ltr'><em>tum</em></span> <span class='ocrx_word' id='word_1_166' title='bbox 195 1344 257 1391; x_wconf 82' lang='lat' dir='ltr'><em>luisse,</em></span> <span class='ocrx_word' id='word_1_167' title='bbox 264 1357 302 1382; x_wconf 88' lang='lat' dir='ltr'><em>non</em></span> <span class='ocrx_word' id='word_1_168' title='bbox 307 1344 368 1382; x_wconf 86' lang='lat' dir='ltr'><em>innuit</em></span> <span class='ocrx_word' id='word_1_169' title='bbox 376 1345 468 1383; x_wconf 84' lang='lat' dir='ltr'><em>Romanos</em></span> <span class='ocrx_word' id='word_1_170' title='bbox 478 1345 607 1393; x_wconf 82' lang='lat' dir='ltr'><em>“praesentes”</em></span> <span class='ocrx_word' id='word_1_171' title='bbox 617 1359 661 1391; x_wconf 84' lang='lat' dir='ltr'><em>esse,</em></span> <span class='ocrx_word' id='word_1_172' title='bbox 716 1368 720 1378; x_wconf 47' lang='grc' dir='ltr'>ι</span> 
     </span>
    </p>
   </div>
   <div class='ocr_carea' id='block_1_6' title="bbox 35 1400 665 2360">
    <p class='ocr_par' dir='ltr' id='par_1_7' title="bbox 35 1400 665 2360">
     <span class='ocr_line' id='line_1_21' title="bbox 38 1400 661 1450; baseline 0.002 -13"><span class='ocrx_word' id='word_1_173' title='bbox 38 1413 79 1437; x_wconf 90' lang='lat' dir='ltr'><em>cum</em></span> <span class='ocrx_word' id='word_1_174' title='bbox 87 1401 123 1437; x_wconf 87' lang='lat' dir='ltr'><em>ista</em></span> <span class='ocrx_word' id='word_1_175' title='bbox 136 1401 225 1449; x_wconf 86' lang='lat' dir='ltr'><em>proferret</em></span> <span class='ocrx_word' id='word_1_176' title='bbox 238 1400 362 1437; x_wconf 84' lang='lat' dir='ltr'><em>sanctissimus</em></span> <span class='ocrx_word' id='word_1_177' title='bbox 372 1405 447 1450; x_wconf 77' lang='lat' dir='ltr'><em>martyr.</em></span> <span class='ocrx_word' id='word_1_178' title='bbox 474 1401 497 1437; x_wconf 86' lang='lat' dir='ltr'><em>ld</em></span> <span class='ocrx_word' id='word_1_179' title='bbox 509 1404 584 1438; x_wconf 86' lang='lat' dir='ltr'><em>tantum</em></span> <span class='ocrx_word' id='word_1_180' title='bbox 592 1402 661 1446; x_wconf 87' lang='lat' dir='ltr'><em>asserit,</em></span> 
     </span>
     <span class='ocr_line' id='line_1_22' title="bbox 37 1459 660 1509; baseline 0.002 -12"><span class='ocrx_word' id='word_1_181' title='bbox 37 1471 79 1506; x_wconf 85' lang='lat' dir='ltr'><em>eum</em></span> <span class='ocrx_word' id='word_1_182' title='bbox 86 1471 170 1508; x_wconf 77' lang='lat' dir='ltr'><em>peaerose</em></span> <span class='ocrx_word' id='word_1_183' title='bbox 178 1463 197 1496; x_wconf 90' lang='lat' dir='ltr'><em>et</em></span> <span class='ocrx_word' id='word_1_184' title='bbox 206 1472 244 1496; x_wconf 82' lang='grc' dir='ltr'>οιιοι</span> <span class='ocrx_word' id='word_1_185' title='bbox 252 1461 342 1507; x_wconf 58' lang='lat' dir='ltr'><em>soliditate</em></span> <span class='ocrx_word' id='word_1_186' title='bbox 348 1464 426 1497; x_wconf 88' lang='lat' dir='ltr'><em>mortem</em></span> <span class='ocrx_word' id='word_1_187' title='bbox 435 1460 538 1509; x_wconf 88' lang='lat' dir='ltr'><em>oppetiisse,</em></span> <span class='ocrx_word' id='word_1_188' title='bbox 546 1466 564 1497; x_wconf 90' lang='lat' dir='ltr'><em>et</em></span> <span class='ocrx_word' id='word_1_189' title='bbox 573 1459 660 1508; x_wconf 70' lang='grc' dir='ltr'><em>ἀσμένως,</em></span> 
     </span>
     <span class='ocr_line' id='line_1_23' title="bbox 38 1518 660 1569; baseline 0.005 -13"><span class='ocrx_word' id='word_1_190' title='bbox 38 1532 79 1556; x_wconf 84' lang='lat' dir='ltr'><em>oum</em></span> <span class='ocrx_word' id='word_1_191' title='bbox 86 1520 169 1557; x_wconf 83' lang='lat' dir='ltr'><em>lubentia</em></span> <span class='ocrx_word' id='word_1_192' title='bbox 174 1520 252 1569; x_wconf 87' lang='lat' dir='ltr'><em>quadam</em></span> <span class='ocrx_word' id='word_1_193' title='bbox 258 1521 323 1558; x_wconf 87' lang='lat' dir='ltr'><em>vidisse</em></span> <span class='ocrx_word' id='word_1_194' title='bbox 330 1520 401 1559; x_wconf 87' lang='lat' dir='ltr'><em>bestias.</em></span> <span class='ocrx_word' id='word_1_195' title='bbox 422 1521 458 1559; x_wconf 82' lang='lat' dir='ltr'><em>Sed</em></span> <span class='ocrx_word' id='word_1_196' title='bbox 466 1518 524 1559; x_wconf 82' lang='grc' dir='ltr'>πόθεν</span> <span class='ocrx_word' id='word_1_197' title='bbox 532 1522 585 1559; x_wconf 82' lang='grc' dir='ltr'>τοῦτο</span> <span class='ocrx_word' id='word_1_198' title='bbox 594 1519 650 1569; x_wconf 77' lang='grc' dir='ltr'>δῆλον</span> <span class='ocrx_word' id='word_1_199' title='bbox 655 1538 660 1568; x_wconf 81' lang='grc'><strong>;</strong></span> 
     </span>
     <span class='ocr_line' id='line_1_24' title="bbox 35 1581 660 1631; baseline 0.003 -14"><span class='ocrx_word' id='word_1_200' title='bbox 35 1581 83 1624; x_wconf 79' lang='lat' dir='ltr'><em>erade</em></span> <span class='ocrx_word' id='word_1_201' title='bbox 96 1583 133 1627; x_wconf 82' lang='lat' dir='ltr'><em>boc,</em></span> <span class='ocrx_word' id='word_1_202' title='bbox 147 1581 208 1630; x_wconf 88' lang='lat' dir='ltr'><em>inquit</em></span> <span class='ocrx_word' id='word_1_203' title='bbox 221 1583 310 1629; x_wconf 79' lang='lat' dir='ltr'><em>apparet?</em></span> <span class='ocrx_word' id='word_1_204' title='bbox 336 1581 364 1619; x_wconf 89' lang='lat' dir='ltr'><em>Ac</em></span> <span class='ocrx_word' id='word_1_205' title='bbox 376 1582 392 1619; x_wconf 92' lang='lat' dir='ltr'><em>si</em></span> <span class='ocrx_word' id='word_1_206' title='bbox 404 1582 478 1628; x_wconf 82' lang='lat' dir='ltr'><em>diceret,</em></span> <span class='ocrx_word' id='word_1_207' title='bbox 488 1582 537 1619; x_wconf 88' lang='lat' dir='ltr'><em>unde</em></span> <span class='ocrx_word' id='word_1_208' title='bbox 549 1582 583 1619; x_wconf 85' lang='lat' dir='ltr'><em>hoc</em></span> <span class='ocrx_word' id='word_1_209' title='bbox 594 1594 660 1631; x_wconf 81' lang='lat' dir='ltr'><em>eogno-</em></span> 
     </span>
     <span class='ocr_line' id='line_1_25' title="bbox 38 1641 662 1692; baseline 0.002 -14"><span class='ocrx_word' id='word_1_210' title='bbox 38 1641 110 1679; x_wconf 81' lang='lat' dir='ltr'><em>vimus?</em></span> <span class='ocrx_word' id='word_1_211' title='bbox 124 1654 145 1679; x_wconf 86' lang='lat' dir='ltr'><em>ex</em></span> <span class='ocrx_word' id='word_1_212' title='bbox 157 1642 262 1690; x_wconf 79' lang='lat' dir='ltr'><em>Actisejus</em></span> <span class='ocrx_word' id='word_1_213' title='bbox 274 1641 322 1679; x_wconf 82' lang='lat' dir='ltr'><em>nihil</em></span> <span class='ocrx_word' id='word_1_214' title='bbox 333 1643 370 1679; x_wconf 85' lang='lat' dir='ltr'><em>tale</em></span> <span class='ocrx_word' id='word_1_215' title='bbox 381 1642 465 1691; x_wconf 79' lang='lat' dir='ltr'><em>colligere</em></span> <span class='ocrx_word' id='word_1_216' title='bbox 474 1655 581 1692; x_wconf 79' lang='lat' dir='ltr'><em>possumus:</em></span> <span class='ocrx_word' id='word_1_217' title='bbox 594 1642 622 1679; x_wconf 88' lang='lat' dir='ltr'><em>illi</em></span> <span class='ocrx_word' id='word_1_218' title='bbox 630 1643 662 1691; x_wconf 84' lang='lat' dir='ltr'><em>qui</em></span> 
     </span>
     <span class='ocr_line' id='line_1_26' title="bbox 39 1703 662 1750; baseline -0.002 -11"><span class='ocrx_word' id='word_1_219' title='bbox 39 1714 80 1738; x_wconf 83' lang='lat' dir='ltr'><em>eum</em></span> <span class='ocrx_word' id='word_1_220' title='bbox 93 1703 174 1739; x_wconf 85' lang='lat' dir='ltr'><em>comitati</em></span> <span class='ocrx_word' id='word_1_221' title='bbox 187 1707 236 1747; x_wconf 87' lang='lat' dir='ltr'><em>sunt,</em></span> <span class='ocrx_word' id='word_1_222' title='bbox 246 1703 323 1750; x_wconf 85' lang='lat' dir='ltr'><em>qualiter</em></span> <span class='ocrx_word' id='word_1_223' title='bbox 331 1715 350 1738; x_wconf 91' lang='lat' dir='ltr'><em>se</em></span> <span class='ocrx_word' id='word_1_224' title='bbox 359 1703 436 1750; x_wconf 81' lang='lat' dir='ltr'><em>gesserit</em></span> <span class='ocrx_word' id='word_1_225' title='bbox 447 1703 469 1738; x_wconf 85' lang='lat' dir='ltr'><em>in</em></span> <span class='ocrx_word' id='word_1_226' title='bbox 479 1703 552 1747; x_wconf 83' lang='lat' dir='ltr'><em>theatro</em></span> <span class='ocrx_word' id='word_1_227' title='bbox 562 1715 601 1738; x_wconf 87' lang='lat' dir='ltr'><em>non</em></span> <span class='ocrx_word' id='word_1_228' title='bbox 610 1716 662 1739; x_wconf 88' lang='lat' dir='ltr'><em>enar-</em></span> 
     </span>
     <span class='ocr_line' id='line_1_27' title="bbox 39 1761 663 1811; baseline 0.005 -15"><span class='ocrx_word' id='word_1_229' title='bbox 39 1764 129 1807; x_wconf 83' lang='lat' dir='ltr'><em>raverunt,</em></span> <span class='ocrx_word' id='word_1_230' title='bbox 141 1775 152 1797; x_wconf 88' lang='lat' dir='ltr'><em>a</em></span> <span class='ocrx_word' id='word_1_231' title='bbox 164 1774 241 1810; x_wconf 75' lang='lat' dir='ltr'><em>quoium</em></span> <span class='ocrx_word' id='word_1_232' title='bbox 254 1761 344 1798; x_wconf 83' lang='lat' dir='ltr'><em>consortio</em></span> <span class='ocrx_word' id='word_1_233' title='bbox 355 1761 489 1806; x_wconf 82' lang='lat' dir='ltr'><em>subductcsest</em></span> <span class='ocrx_word' id='word_1_234' title='bbox 502 1774 540 1799; x_wconf 83' lang='grc' dir='ltr'>οιιοι</span> <span class='ocrx_word' id='word_1_235' title='bbox 548 1761 663 1811; x_wconf 75' lang='lat' dir='ltr'><em>festinatione</em></span> 
     </span>
     <span class='ocr_line' id='line_1_28' title="bbox 40 1821 662 1870; baseline 0.005 -14"><span class='ocrx_word' id='word_1_236' title='bbox 40 1821 58 1857; x_wconf 87' lang='grc' dir='ltr'><em>ιἰι</em></span> <span class='ocrx_word' id='word_1_237' title='bbox 66 1822 226 1870; x_wconf 68' lang='lat' dir='ltr'><em>Amphitheatri-aa,</em></span> <span class='ocrx_word' id='word_1_238' title='bbox 240 1823 302 1860; x_wconf 79' lang='lat' dir='ltr'><em>deiude</em></span> <span class='ocrx_word' id='word_1_239' title='bbox 315 1822 406 1870; x_wconf 74' lang='lat' dir='ltr'><em>confestim</em></span> <span class='ocrx_word' id='word_1_240' title='bbox 414 1822 507 1870; x_wconf 78' lang='lat' dir='ltr'><em>puy&#39;ectas</em></span> <span class='ocrx_word' id='word_1_241' title='bbox 519 1822 584 1860; x_wconf 80' lang='lat' dir='ltr'><em>bestiis.</em></span> <span class='ocrx_word' id='word_1_242' title='bbox 613 1822 662 1867; x_wconf 82' lang='lat' dir='ltr'><em>Uade</em></span> 
     </span>
     <span class='ocr_line' id='line_1_29' title="bbox 39 1881 663 1932; baseline 0.002 -14"><span class='ocrx_word' id='word_1_243' title='bbox 39 1881 94 1928; x_wconf 81' lang='lat' dir='ltr'><em>igitur</em></span> <span class='ocrx_word' id='word_1_244' title='bbox 114 1884 145 1920; x_wconf 82' lang='lat' dir='ltr'><em>boc</em></span> <span class='ocrx_word' id='word_1_245' title='bbox 167 1885 256 1931; x_wconf 78' lang='lat' dir='ltr'><em>apparet?</em></span> <span class='ocrx_word' id='word_1_246' title='bbox 279 1881 316 1920; x_wconf 74' lang='lat' dir='ltr'><em>dard</em></span> <span class='ocrx_word' id='word_1_247' title='bbox 336 1885 371 1920; x_wconf 82' lang='grc' dir='ltr'><em>τῶν</em></span> <span class='ocrx_word' id='word_1_248' title='bbox 390 1881 475 1932; x_wconf 79' lang='grc' dir='ltr'>ῥημάτων</span> <span class='ocrx_word' id='word_1_249' title='bbox 494 1882 519 1920; x_wconf 75' lang='grc' dir='ltr'><em>ὧν</em></span> <span class='ocrx_word' id='word_1_250' title='bbox 539 1881 663 1929; x_wconf 73' lang='grc' dir='ltr'>ἀποθνήσκειν</span> 
     </span>
     <span class='ocr_line' id='line_1_30' title="bbox 40 1935 663 1994; baseline 0.005 -17"><span class='ocrx_word' id='word_1_251' title='bbox 40 1940 113 1989; x_wconf 77' lang='grc' dir='ltr'>μέλλων</span> <span class='ocrx_word' id='word_1_252' title='bbox 126 1943 232 1994; x_wconf 65' lang='grc' dir='ltr'>ἐφθέγξατο,</span> <span class='ocrx_word' id='word_1_253' title='bbox 244 1944 266 1981; x_wconf 86' lang='lat' dir='ltr'><em>ob</em></span> <span class='ocrx_word' id='word_1_254' title='bbox 279 1945 316 1981; x_wconf 83' lang='lat' dir='ltr'><em>illis</em></span> <span class='ocrx_word' id='word_1_255' title='bbox 329 1944 386 1981; x_wconf 79' lang='lat' dir='ltr'><em>cerdis</em></span> <span class='ocrx_word' id='word_1_256' title='bbox 399 1956 436 1991; x_wconf 79' lang='lat' dir='ltr'><em>que</em></span> <span class='ocrx_word' id='word_1_257' title='bbox 448 1956 486 1981; x_wconf 85' lang='grc' dir='ltr'>οιιιιι</span> <span class='ocrx_word' id='word_1_258' title='bbox 496 1943 579 1991; x_wconf 71' lang='lat' dir='ltr'><em>filtrorum</em></span> <span class='ocrx_word' id='word_1_259' title='bbox 590 1947 635 1980; x_wconf 85' lang='lat' dir='ltr'><em>esset</em></span> <span class='ocrx_word' id='word_1_260' title='bbox 642 1935 663 1989; x_wconf 75' lang='lat' dir='ltr'><em>at</em></span> 
     </span>
     <span class='ocr_line' id='line_1_31' title="bbox 41 1997 663 2057; baseline 0.005 -20"><span class='ocrx_word' id='word_1_261' title='bbox 41 2008 137 2040; x_wconf 80' lang='lat' dir='ltr'><em>moreretur</em></span> <span class='ocrx_word' id='word_1_262' title='bbox 145 1997 226 2053; x_wconf 73' lang='lat' dir='ltr'><em>topiariae</em></span> <span class='ocrx_word' id='word_1_263' title='bbox 234 2009 266 2041; x_wconf 83' lang='lat' dir='ltr'><em>est.</em></span> <span class='ocrx_word' id='word_1_264' title='bbox 292 2004 371 2057; x_wconf 71' lang='lat' dir='ltr'><em>Quando</em></span> <span class='ocrx_word' id='word_1_265' title='bbox 378 2007 439 2041; x_wconf 85' lang='lat' dir='ltr'><em>autem</em></span> <span class='ocrx_word' id='word_1_266' title='bbox 452 2003 558 2040; x_wconf 80' lang='lat' dir='ltr'><em>illuderet?</em></span> <span class='ocrx_word' id='word_1_267' title='bbox 572 2003 604 2040; x_wconf 89' lang='lat' dir='ltr'><em>diu</em></span> <span class='ocrx_word' id='word_1_268' title='bbox 614 2004 663 2040; x_wconf 90' lang='lat' dir='ltr'><em>enim</em></span> 
     </span>
     <span class='ocr_line' id='line_1_32' title="bbox 42 2060 662 2113; baseline 0.006 -17"><span class='ocrx_word' id='word_1_269' title='bbox 42 2064 80 2098; x_wconf 77' lang='lat' dir='ltr'><em>erat</em></span> <span class='ocrx_word' id='word_1_270' title='bbox 93 2060 217 2112; x_wconf 74' lang='grc' dir='ltr'>ἀποθνήσκειν</span> <span class='ocrx_word' id='word_1_271' title='bbox 228 2063 307 2113; x_wconf 79' lang='grc' dir='ltr'>μέλλων.</span> <span class='ocrx_word' id='word_1_272' title='bbox 332 2063 435 2101; x_wconf 84' lang='lat' dir='ltr'><em>Audiamus</em></span> <span class='ocrx_word' id='word_1_273' title='bbox 443 2076 497 2113; x_wconf 88' lang='lat' dir='ltr'><em>porro</em></span> <span class='ocrx_word' id='word_1_274' title='bbox 506 2064 662 2113; x_wconf 85' lang='lat' dir='ltr'><em>Ohrysostomum,</em></span> 
     </span>
     <span class='ocr_line' id='line_1_33' title="bbox 41 2118 662 2177; baseline 0.006 -20"><span class='ocrx_word' id='word_1_275' title='bbox 41 2118 130 2163; x_wconf 71' lang='grc' dir='ltr'>Ἀκούσας</span> <span class='ocrx_word' id='word_1_276' title='bbox 143 2123 179 2177; x_wconf 80' lang='lat' dir='ltr'><em>ydp</em></span> <span class='ocrx_word' id='word_1_277' title='bbox 194 2124 223 2166; x_wconf 75' lang='lat' dir='ltr'><em>brt</em></span> <span class='ocrx_word' id='word_1_278' title='bbox 234 2124 285 2167; x_wconf 73' lang='grc' dir='ltr'>οὗτος</span> <span class='ocrx_word' id='word_1_279' title='bbox 300 2123 355 2164; x_wconf 77' lang='grc' dir='ltr'>αὐτὸν</span> <span class='ocrx_word' id='word_1_280' title='bbox 369 2126 401 2173; x_wconf 80' lang='grc' dir='ltr'><em>τῆς</em></span> <span class='ocrx_word' id='word_1_281' title='bbox 416 2123 503 2176; x_wconf 66' lang='grc' dir='ltr'>τιμωρίας</span> <span class='ocrx_word' id='word_1_282' title='bbox 511 2122 520 2161; x_wconf 86' lang='grc' dir='ltr'>ὁ</span> <span class='ocrx_word' id='word_1_283' title='bbox 529 2122 595 2172; x_wconf 85' lang='grc' dir='ltr'>τρόπος</span> <span class='ocrx_word' id='word_1_284' title='bbox 607 2122 662 2172; x_wconf 81' lang='grc' dir='ltr'>μένει,</span> 
     </span>
     <span class='ocr_line' id='line_1_34' title="bbox 42 2180 665 2236; baseline 0.005 -17"><span class='ocrx_word' id='word_1_285' title='bbox 42 2180 76 2229; x_wconf 72' lang='grc' dir='ltr'><em>ἐγὼ</em></span> <span class='ocrx_word' id='word_1_286' title='bbox 84 2185 119 2221; x_wconf 79' lang='grc' dir='ltr'><em>τῶν</em></span> <span class='ocrx_word' id='word_1_287' title='bbox 132 2185 198 2236; x_wconf 72' lang='grc' dir='ltr'>θηρίων</span> <span class='ocrx_word' id='word_1_288' title='bbox 206 2186 277 2224; x_wconf 77' lang='grc' dir='ltr'>ἐκείνων</span> <span class='ocrx_word' id='word_1_289' title='bbox 285 2185 361 2235; x_wconf 72' lang='grc' dir='ltr'>ὀναίμην</span> <span class='ocrx_word' id='word_1_290' title='bbox 369 2184 426 2233; x_wconf 56' lang='lat' dir='ltr'><em>&amp;aaa</em></span> <span class='ocrx_word' id='word_1_291' title='bbox 454 2186 497 2223; x_wconf 81' lang='lat' dir='ltr'><em>Cara</em></span> <span class='ocrx_word' id='word_1_292' title='bbox 506 2186 607 2231; x_wconf 78' lang='lat' dir='ltr'><em>audivisset,</em></span> <span class='ocrx_word' id='word_1_293' title='bbox 617 2186 665 2233; x_wconf 78' lang='lat' dir='ltr'><em>quoe</em></span> 
     </span>
     <span class='ocr_line' id='line_1_35' title="bbox 42 2243 661 2295; baseline 0.008 -17"><span class='ocrx_word' id='word_1_294' title='bbox 42 2243 70 2279; x_wconf 88' lang='lat' dir='ltr'><em>bic</em></span> <span class='ocrx_word' id='word_1_295' title='bbox 78 2246 159 2293; x_wconf 77' lang='lat' dir='ltr'><em>supplicii</em></span> <span class='ocrx_word' id='word_1_296' title='bbox 167 2248 228 2285; x_wconf 78' lang='lat' dir='ltr'><em>raaudus</em></span> <span class='ocrx_word' id='word_1_297' title='bbox 237 2260 275 2288; x_wconf 75' lang='lat' dir='ltr'><em>mira</em></span> <span class='ocrx_word' id='word_1_298' title='bbox 283 2252 367 2295; x_wconf 79' lang='lat' dir='ltr'><em>raoueret,</em></span> <span class='ocrx_word' id='word_1_299' title='bbox 376 2248 447 2285; x_wconf 76' lang='lat' dir='ltr'><em>Utinam</em></span> <span class='ocrx_word' id='word_1_300' title='bbox 453 2259 484 2295; x_wconf 74' lang='lat' dir='ltr'><em>epo</em></span> <span class='ocrx_word' id='word_1_301' title='bbox 492 2247 529 2283; x_wconf 84' lang='lat' dir='ltr'><em>illis</em></span> <span class='ocrx_word' id='word_1_302' title='bbox 537 2246 661 2292; x_wconf 76' lang='lat' dir='ltr'><em>bestiisfrcer,</em></span> 
     </span>
     <span class='ocr_line' id='line_1_36' title="bbox 42 2295 662 2360; baseline 0.005 -21"><span class='ocrx_word' id='word_1_303' title='bbox 42 2303 135 2351; x_wconf 75' lang='lat' dir='ltr'><em>inquiebat.</em></span> <span class='ocrx_word' id='word_1_304' title='bbox 160 2309 191 2345; x_wconf 88' lang='lat' dir='ltr'><em>An</em></span> <span class='ocrx_word' id='word_1_305' title='bbox 199 2309 279 2358; x_wconf 75' lang='lat' dir='ltr'><em>primum</em></span> <span class='ocrx_word' id='word_1_306' title='bbox 288 2312 301 2329; x_wconf 86' lang='lat'><em>“</em></span> <span class='ocrx_word' id='word_1_307' title='bbox 306 2310 369 2346; x_wconf 83' lang='lat' dir='ltr'><em>Romae</em></span> <span class='ocrx_word' id='word_1_308' title='bbox 374 2308 385 2326; x_wconf 76' lang='lat'><em>’³</em></span> <span class='ocrx_word' id='word_1_309' title='bbox 395 2307 464 2345; x_wconf 82' lang='lat' dir='ltr'><em>audivit</em></span> <span class='ocrx_word' id='word_1_310' title='bbox 472 2319 492 2343; x_wconf 91' lang='lat' dir='ltr'><em>se</em></span> <span class='ocrx_word' id='word_1_311' title='bbox 500 2295 662 2360; x_wconf 26' lang='lat' dir='ltr'><em>bestiis-objectum:</em></span> 
     </span>
    </p>
   </div>
   <div class='ocr_carea' id='block_1_7' title="bbox 37 2403 662 2709">
    <p class='ocr_par' dir='ltr' id='par_1_8' title="bbox 37 2403 662 2666">
     <span class='ocr_line' id='line_1_37' title="bbox 59 2403 662 2442; baseline 0.003 -11"><span class='ocrx_word' id='word_1_312' title='bbox 59 2408 66 2420; x_wconf 68' lang='lat'>⁸</span> <span class='ocrx_word' id='word_1_313' title='bbox 74 2404 136 2435; x_wconf 75' lang='lat' dir='ltr'><em>loannes</em></span> <span class='ocrx_word' id='word_1_314' title='bbox 146 2407 225 2439; x_wconf 82' lang='lat' dir='ltr'><em>Monachus</em></span> <span class='ocrx_word' id='word_1_315' title='bbox 236 2407 339 2442; x_wconf 76' lang='lat' dir='ltr'><em>Antiochenu&#39;s,</em></span> <span class='ocrx_word' id='word_1_316' title='bbox 364 2406 406 2435; x_wconf 84' lang='lat' dir='ltr'><em>Unde</em></span> <span class='ocrx_word' id='word_1_317' title='bbox 412 2404 502 2434; x_wconf 76' lang='lat' dir='ltr'><em>doctissImus</em></span> <span class='ocrx_word' id='word_1_318' title='bbox 511 2403 575 2439; x_wconf 72' lang='lat' dir='ltr'><em>Gratius,</em></span> <span class='ocrx_word' id='word_1_319' title='bbox 585 2403 632 2432; x_wconf 85' lang='lat' dir='ltr'><em>nescio</em></span> <span class='ocrx_word' id='word_1_320' title='bbox 643 2404 662 2433; x_wconf 79' lang='lat' dir='ltr'><em>an</em></span> 
     </span>
     <span class='ocr_line' id='line_1_38' title="bbox 37 2438 661 2482; baseline 0.005 -15"><span class='ocrx_word' id='word_1_321' title='bbox 37 2438 105 2479; x_wconf 41' lang='lat' dir='ltr'><em>*Scripta</em></span> <span class='ocrx_word' id='word_1_322' title='bbox 115 2443 197 2475; x_wconf 74' lang='lat' dir='ltr'><em>duodecimi</em></span> <span class='ocrx_word' id='word_1_323' title='bbox 205 2446 258 2482; x_wconf 82' lang='lat' dir='ltr'><em>saeculi,</em></span> <span class='ocrx_word' id='word_1_324' title='bbox 266 2445 339 2482; x_wconf 71' lang='lat' dir='ltr'><em>ignatium</em></span> <span class='ocrx_word' id='word_1_325' title='bbox 363 2444 398 2473; x_wconf 83' lang='lat' dir='ltr'><em>satis</em></span> <span class='ocrx_word' id='word_1_326' title='bbox 412 2443 454 2472; x_wconf 84' lang='lat' dir='ltr'><em>firmo</em></span> <span class='ocrx_word' id='word_1_327' title='bbox 469 2442 498 2471; x_wconf 86' lang='lat' dir='ltr'><em>viri</em></span> <span class='ocrx_word' id='word_1_328' title='bbox 510 2442 566 2471; x_wconf 77' lang='lat' dir='ltr'><em>obscuri</em></span> <span class='ocrx_word' id='word_1_329' title='bbox 578 2442 661 2471; x_wconf 83' lang='lat' dir='ltr'><em>testimonio</em></span> 
     </span>
     <span class='ocr_line' id='line_1_39' title="bbox 42 2477 661 2516; baseline 0 -8"><span class='ocrx_word' id='word_1_330' title='bbox 42 2477 84 2516; x_wconf 82' lang='lat' dir='ltr'><em>hujus</em></span> <span class='ocrx_word' id='word_1_331' title='bbox 95 2484 170 2513; x_wconf 75' lang='lat' dir='ltr'><em>sententiae</em></span> <span class='ocrx_word' id='word_1_332' title='bbox 186 2486 258 2513; x_wconf 88' lang='lat' dir='ltr'><em>auctorem</em></span> <span class='ocrx_word' id='word_1_333' title='bbox 270 2483 339 2513; x_wconf 83' lang='lat' dir='ltr'><em>tradidit:</em></span> <span class='ocrx_word' id='word_1_334' title='bbox 363 2484 415 2516; x_wconf 81' lang='lat' dir='ltr'><em>motus,</em></span> <span class='ocrx_word' id='word_1_335' title='bbox 427 2480 569 2515; x_wconf 80' lang='lat' dir='ltr'><em>sentcntiam&#39;suam,</em></span> <span class='ocrx_word' id='word_1_336' title='bbox 578 2489 611 2509; x_wconf 87' lang='lat' dir='ltr'><em>cum</em></span> <span class='ocrx_word' id='word_1_337' title='bbox 621 2480 661 2509; x_wconf 79' lang='lat' dir='ltr'><em>Psar-</em></span> 
     </span>
     <span class='ocr_line' id='line_1_40' title="bbox 42 2518 662 2556; baseline 0 -9"><span class='ocrx_word' id='word_1_338' title='bbox 42 2519 63 2552; x_wconf 73' lang='grc' dir='ltr'><em>Τῷ</em></span> <span class='ocrx_word' id='word_1_339' title='bbox 73 2518 87 2547; x_wconf 75' lang='grc' dir='ltr'><em>δὲ</em></span> <span class='ocrx_word' id='word_1_340' title='bbox 96 2519 178 2556; x_wconf 73' lang='grc' dir='ltr'>Ἐκκλησίαν</span> <span class='ocrx_word' id='word_1_341' title='bbox 188 2524 223 2552; x_wconf 73' lang='grc' dir='ltr'><em>Θεοῦ</em></span> <span class='ocrx_word' id='word_1_342' title='bbox 234 2522 339 2552; x_wconf 72' lang='grc' dir='ltr'>ινινδιλίιαντι</span> <span class='ocrx_word' id='word_1_343' title='bbox 364 2519 433 2556; x_wconf 83' lang='lat' dir='ltr'><em>sonojam</em></span> <span class='ocrx_word' id='word_1_344' title='bbox 439 2519 495 2556; x_wconf 84' lang='lat' dir='ltr'><em>pridem</em></span> <span class='ocrx_word' id='word_1_345' title='bbox 503 2520 610 2555; x_wconf 76' lang='lat' dir='ltr'><em>congruentem,</em></span> <span class='ocrx_word' id='word_1_346' title='bbox 616 2521 662 2548; x_wconf 85' lang='lat' dir='ltr'><em>muta·</em></span> 
     </span>
     <span class='ocr_line' id='line_1_41' title="bbox 42 2554 661 2598; baseline 0.011 -18"><span class='ocrx_word' id='word_1_347' title='bbox 42 2554 265 2596; x_wconf 61' lang='lat' dir='ltr'><em>atataapwptaaataa,enatato</em></span> <span class='ocrx_word' id='word_1_348' title='bbox 275 2559 340 2598; x_wconf 80' lang='grc' dir='ltr'>θεοφόρον</span> <span class='ocrx_word' id='word_1_349' title='bbox 363 2557 441 2589; x_wconf 73' lang='lat' dir='ltr'><em>vit-vid.</em></span> <span class='ocrx_word' id='word_1_350' title='bbox 452 2557 528 2587; x_wconf 73' lang='lat' dir='ltr'><em>Jacobson.</em></span> <span class='ocrx_word' id='word_1_351' title='bbox 542 2556 581 2586; x_wconf 73' lang='lat' dir='ltr'><em>Patr,</em></span> <span class='ocrx_word' id='word_1_352' title='bbox 597 2557 661 2594; x_wconf 80' lang='lat' dir='ltr'><em>Apostol.</em></span> 
     </span>
     <span class='ocr_line' id='line_1_42' title="bbox 42 2591 446 2636; baseline 0.015 -17"><span class='ocrx_word' id='word_1_353' title='bbox 42 2591 111 2630; x_wconf 72' lang='grc' dir='ltr'>Ἰγνάτιον,</span> <span class='ocrx_word' id='word_1_354' title='bbox 116 2595 155 2630; x_wconf 77' lang='grc' dir='ltr'>ἀρκεῖ</span> <span class='ocrx_word' id='word_1_355' title='bbox 160 2598 179 2627; x_wconf 80' lang='grc' dir='ltr'><em>εἰς</em></span> <span class='ocrx_word' id='word_1_356' title='bbox 185 2598 340 2636; x_wconf 61' lang='grc' dir='ltr'>συγχώρησιν-ΛΡΜ</span> <span class='ocrx_word' id='word_1_357' title='bbox 364 2606 387 2635; x_wconf 80' lang='lat' dir='ltr'><em>pp.</em></span> <span class='ocrx_word' id='word_1_358' title='bbox 395 2597 426 2630; x_wconf 76' lang='lat'><em>493,</em></span> <span class='ocrx_word' id='word_1_359' title='bbox 433 2597 446 2625; x_wconf 83' lang='grc'><em>4.</em></span> 
     </span>
     <span class='ocr_line' id='line_1_43' title="bbox 43 2628 336 2666; baseline 0.027 -10"><span class='ocrx_word' id='word_1_360' title='bbox 43 2628 102 2659; x_wconf 78' lang='lat' dir='ltr'><em>Coteler.</em></span> <span class='ocrx_word' id='word_1_361' title='bbox 115 2632 152 2662; x_wconf 79' lang='lat' dir='ltr'><em>Eccl.</em></span> <span class='ocrx_word' id='word_1_362' title='bbox 166 2635 210 2664; x_wconf 79' lang='lat' dir='ltr'><em>Graec.</em></span> <span class='ocrx_word' id='word_1_363' title='bbox 224 2636 279 2664; x_wconf 81' lang='lat' dir='ltr'><em>blomi.</em></span> <span class='ocrx_word' id='word_1_364' title='bbox 290 2636 336 2666; x_wconf 78' lang='lat' dir='ltr'><em>tro.-</em></span> 
     </span>
    </p>

    <p class='ocr_par' dir='ltr' id='par_1_9' title="bbox 61 2684 166 2709">
     <span class='ocr_line' id='line_1_44' title="bbox 61 2684 166 2709; baseline 0.048 -6"><span class='ocrx_word' id='word_1_365' title='bbox 61 2684 108 2706; x_wconf 73' lang='lat' dir='ltr'><em>aeaas.</em></span> <span class='ocrx_word' id='word_1_366' title='bbox 114 2688 166 2709; x_wconf 75' lang='lat' dir='ltr'><em>sauma</em></span> 
     </span>
    </p>
   </div>
   <div class='ocr_carea' id='block_1_8' title="bbox 0 0 856 2935">
    <p class='ocr_par' dir='ltr' id='par_1_10' title="bbox 0 0 856 2935">
     <span class='ocr_line' id='line_1_45' title="bbox 0 0 856 2935; baseline 0 0"><span class='ocrx_word' id='word_1_367' title='bbox 0 0 856 2935; x_wconf 95' lang='lat' dir='ltr'><em> </em></span> 
     </span>
    </p>
   </div>
  </div>
 </body>
</html>
