1747 2957
34 2147 36 2150 ι
95 2120 155 2142 rusnon

177 207 214 243 121
351 217 479 247 1111111111
491 218 502 246 1
515 209 627 267 rhsrnrouus

177 310 266 359 Pithoeus,
275 324 318 350 oum
326 313 418 351 Anastasii
425 314 529 362 Nicephoro
540 313 620 362 supparis
631 314 698 351 Latina
705 315 797 362 Interpre-
852 325 854 328 ⁴

178 374 253 420 tatione,
260 386 315 423 quam
322 386 356 411 nos
363 379 427 424 postea
433 374 482 412 inter
491 374 567 412 Criticos
576 376 639 412 Sacros
650 375 738 413 edendam
746 387 797 412 cura-

178 431 249 471 vimus
268 436 366 472 Monuerat
375 436 387 471 J
388 448 455 472 oannes
464 435 552 472 Seldenus
563 435 610 473 libro
623 435 645 472 de
654 430 770 472 Successione
778 435 798 470 in
807 461 809 463 -

146 489 149 491 ’
178 494 307 533 Pontificatum
316 496 422 534 Ebraeorum
429 496 530 545 Nicephori
541 496 708 546 Chronographiam
716 497 758 534 MS.
768 508 799 533 ex-

179 558 254 594 starcia
263 557 377 595 Bibliotheca
391 557 504 595 Londinensi
516 557 593 607 Gollegii
602 557 700 602 Sionensis
714 557 744 593 cui
751 556 799 592 hanc

179 618 235 654 etiam
249 618 395 655 Stichometriam
409 620 492 655 suffixam
505 631 544 655 esse
557 622 651 655 testamur.
674 618 726 654 >Non
738 616 799 665 potuit

178 677 240 725 itaque
253 690 291 714 non
303 678 365 714 mirari
374 678 507 723 Hammondus‚
517 679 532 714 si
545 679 584 715 haec
597 682 635 715 tam
642 677 713 727 publice
724 680 769 714 nota
777 688 799 712 ex

179 740 192 756 “
197 737 258 773 nescio
267 750 302 784 qua
310 738 393 773 officina”
401 738 509 784 produceret
518 739 621 775 Salmasius.

203 797 281 833 Interim
290 797 312 833 de
321 797 454 835 Stichometriae
464 798 571 835 auctoritate
580 799 633 835 litem
644 811 682 835 non
692 798 749 835 movit
759 797 798 834 Sal-

178 856 235 894 masio
244 856 363 894 Virdoctus:
378 857 498 906 suspicionem
510 861 583 895 tantum
596 859 700 907 parenthesi
712 858 799 903 inseruit3

180 929 220 965 quae
237 917 310 967 quidem
326 921 367 967 post
384 917 497 967 splendidam
512 918 563 955 illam
579 918 683 956 Editionem
700 918 800 956 Parisinam

179 980 236 1017 haret
249 979 313 1029 altius:
327 983 346 1016 et
359 979 458 1021 consultius
471 980 545 1016 omnino
558 980 630 1016 fecisset
641 980 726 1024 Dallaeus,
736 980 751 1015 si
760 992 800 1016 cam

180 1052 274 1087 nunquam
284 1041 400 1085 nominasset,
409 1044 440 1076 aut
449 1040 513 1077 saltem
520 1041 540 1076 in
549 1054 570 1077 ea
578 1035 691 1087 triumphare
700 1040 745 1075 adeo
753 1040 801 1075 visus

180 1112 218 1136 non
231 1100 301 1136 fuisset.
326 1100 357 1136 lta
370 1100 419 1136 enim
431 1100 520 1148 loquitur:
538 1099 596 1136 “Viri
608 1099 657 1136 docti
668 1097 802 1150 Στιχομετρίον

182 1159 283 1198 ἀδέσποτον
296 1157 366 1198 vocant.
392 1160 453 1198 Editio
468 1161 572 1210 Nicephoro
586 1160 670 1206 rindioat,
684 1159 802 1207 Amplissimo

182 1221 233 1267 Viro,
245 1221 308 1269 primae
322 1221 342 1258 in
355 1222 430 1259 Oriente
445 1221 492 1259 sedis
507 1221 590 1267 antistiti,
603 1222 687 1274 scriptori
699 1221 802 1269 gravissimo

184 1286 237 1331 atque
246 1282 397 1330 eloquentissimo,
406 1287 424 1319 et
432 1277 562 1320 liberalissimis
571 1282 632 1320 Photii
640 1282 724 1319 laudibus
733 1285 801 1319 ornato.

184 1343 246 1391 Hujus
255 1343 303 1380 enim
311 1343 366 1392 ipsius
371 1343 472 1392 Nicephori
480 1347 507 1380 est
515 1341 722 1394 1ΠοΣτοχομετρίο,1ο11
730 1342 803 1380 alterius

185 1405 291 1450 cujusquam
302 1405 416 1439 recentioris:
429 1404 487 1451 idque,
496 1404 552 1439 solide
564 1408 583 1439 et
593 1404 634 1439 fuse
642 1404 754 1439 demonstrat
763 1414 803 1438 eru-

172 1455 174 1457 ’
186 1461 283 1499 ditissimus
293 1463 351 1507 Goar,¹
366 1475 419 1510 quem
432 1463 489 1507 adeat,
499 1463 514 1499 si
527 1463 566 1511 quis
576 1462 635 1499 adhuc
645 1462 734 1499 dubitet.”
759 1462 804 1499 Non

183 1522 222 1571 jam
231 1522 253 1559 de
262 1522 350 1568 Salmasii,
360 1523 392 1572 scd
403 1522 467 1560 Dallaei
479 1517 515 1560 side
528 1524 618 1571 quaeritrm
646 1524 695 1561 Quid
706 1524 768 1560 enirn?
781 1536 804 1559 an

92 1587 172 1633 arctandas
185 1583 315 1619 eruditissimus
330 1583 380 1620 Goar
393 1583 428 1620 hoc
443 1586 455 1603 “
464 1583 520 1620 solide
536 1583 673 1620 demonstratl''
687 1583 803 1631 neutiquam:

92 1626 148 1656 Μ
185 1657 209 1680 an
218 1644 303 1680 “susal’'
316 1656 441 1692 nequaquam:
459 1656 482 1680 an
496 1644 570 1680 omnino
582 1643 741 1681 “demonstrati''
754 1643 805 1680 nullo

184 1704 248 1742 modo:
262 1716 286 1741 an
293 1704 313 1741 id
321 1704 370 1741 nude
379 1704 428 1750 dicit,
434 1707 469 1740 'aut
478 1704 566 1740 affirmat?
579 1703 655 1740 minime
664 1704 751 1752 gentium.
764 1704 805 1741 imo

184 1764 258 1801 veroid
271 1764 315 1800 (licit
330 1764 378 1813 quod
391 1768 419 1801 est
432 1764 497 1801 Dallaei
505 1764 607 1802 Assertioni
616 1765 670 1813 plane
683 1765 804 1802 contrarium:

185 1825 209 1862 ad
216 1825 274 1873 prima
282 1824 332 1862 enim
339 1824 395 1862 verba
400 1824 531 1877 Στοχομετρίος
539 1825 579 1862 hreo
587 1825 653 1862 diserte
662 1829 743 1872 annotat,
753 1828 765 1845 “
772 1825 806 1862 Ca-

185 1886 262 1923 nonicus
273 1886 369 1923 Sacrorum
378 1885 476 1923 Librorum
484 1885 598 1930 Laterculus,
607 1885 630 1922 ad
639 1885 807 1934 Chronographiam

186 1947 233 1984 nihil
249 1950 338 1996 spectans,
352 1946 431 1985 librarii
445 1944 537 1997 πάρεργον
549 1946 659 1995 judicatus?
685 1946 738 1983 Teste
751 1946 808 1994 igitur

188 2007 308 2044 eruditissimo
318 2008 373 2054 Goar,
383 2006 512 2052 Stichometria
524 2019 535 2042 a
548 2005 635 2042 Salmasio
647 2005 740 2054 producta,
749 2007 808 2043 Ham·
820 2041 822 2044 .

95 2074 166 2111 Nicepho·
188 2066 256 2102 mondo
269 2065 344 2114 objecta,
354 2079 365 2102 a
377 2066 446 2104 Dallaeo
459 2067 538 2112 defensa,
549 2079 587 2117 non
598 2069 626 2103 est
638 2067 738 2115 Nicephori
749 2067 808 2104 Patri-

95 2150 123 2177 fuit
129 2151 178 2177 auctor
190 2125 248 2162 archae
261 2138 310 2172 opus,
320 2126 351 2161 sed
363 2126 441 2162 Librarii
453 2126 549 2174 πάρεργον.
575 2127 639 2162 Fidem
647 2127 704 2173 igitur
711 2127 732 2161 in
740 2128 809 2163 Dallaeo

96 2186 174 2231 satchome-
189 2184 303 2234 requirimus,
319 2180 402 2220 Salmasii
415 2197 454 2221 non
468 2189 541 2222 tantum
555 2185 610 2223 fidem
625 2184 657 2222 sed
670 2188 689 2223 et
702 2186 809 2224 modestiam

95 2226 132 2253 Μ’
189 2246 290 2292 laudamus,
302 2245 333 2294 qui
346 2244 492 2282 Stichornetriam
507 2242 609 2283 ἀδέσποτον
621 2245 701 2291 tradidit,
710 2247 810 2296 Nicephori

188 2320 257 2346 nornen
265 2320 303 2344 nou
311 2306 399 2356 apposuit,
408 2307 432 2353 ad
439 2306 525 2355 Scaligeri
533 2310 552 2342 et
558 2305 626 2344 Pithoei
635 2306 722 2344 editiones
730 2320 764 2344 nos
772 2322 810 2347 non
860 2334 862 2336 -

174 2371 176 2376 '
189 2369 285 2419 ablegavit,
295 2368 343 2419 quod
352 2381 391 2406 earn
400 2360 504 2417 Nicephoro
513 2368 588 2405 minime
596 2367 711 2405 tribuendam
719 2372 796 2417 putaret.

95 2441 180 2471 trasarius
215 2430 251 2468 Sed
264 2434 305 2480 post
320 2429 453 2467 “eruchtissimi
467 2428 531 2466 Goar”
544 2428 607 2465 infelix
621 2428 751 2474 testimonium,
764 2431 810 2469 “En

95 2479 242 2546 fflffl'fltibiss'
250 2491 315 2540 inquit,
326 2491 431 2539 “majorem
443 2490 493 2526 omni
504 2489 609 2538 exceptione
620 2492 685 2525 testem
694 2490 810 2529 Anastasium

96 2555 134 2602 (linit
141 2555 158 2583 de
190 2551 356 2597 Bibliothecariurn,
366 2546 460 2588 hominem
468 2549 512 2586 noni
524 2549 590 2594 saeculi)
599 2548 698 2597 Nicephori
709 2563 809 2599 supparem.

96 2592 173 2657 griphone·
189 2603 209 2647 ls
223 2611 304 2647 enimin
318 2611 425 2648 Praefatione
442 2609 528 2646 Historia
543 2609 677 2656 Ecclesiasticus,
690 2610 738 2648 Huic
749 2613 810 2658 saue,’⁷

189 2671 254 2720 inquit,
265 2674 277 2693 “
285 2673 339 2720 Operi
351 2675 410 2709 ratum
423 2671 467 2708 [trial
480 2671 501 2706 B.
511 2669 608 2717 Nicephori
623 2670 823 2720 Corzstoatr'aopolltaui
