1747 2957
184 231 222 267 318
370 239 499 269 lueunnurou
511 239 618 269 uncnrrrun

92 337 178 382 Hieronymi
184 332 240 370 traria
254 331 347 371 rideatur!
376 334 412 371 Sed
425 346 488 372 reuera
502 330 611 381 Hieronymi
628 322 724 376 sententia,
736 329 757 381 si
770 341 808 366 una

92 379 178 450 ῗὲᾖζῖῗζᾍ
186 397 239 442 atque
249 393 325 443 simplex
333 394 356 431 sit
362 398 381 432 et
387 391 436 433 recte
443 394 546 443 explicetur,
552 391 622 441 Ignatii
630 391 725 435 sententiae
734 390 809 427 minime

92 453 132 496 nime
146 454 278 490 c⁰1¹*contraria
291 460 333 492 est:
347 455 464 491 contrarietas
476 453 525 490 enim
539 464 579 501 quoe
592 452 703 496 obtenditur,
719 451 808 498 originem

92 492 168 519 truncat.
186 503 260 551 tantum
275 518 351 565 spectat,
366 514 389 552 de
404 528 440 565 qua
455 512 503 551 nihil
515 511 605 563 Ignatius.
631 511 701 550 Caetera
713 523 755 548 rere
769 523 809 559 quae

186 576 242 612 habet
252 576 377 625 Hieronymus
387 589 429 613 sane
438 575 573 625 quamplurima
581 574 604 611 de
612 573 732 623 Episcopatus
741 586 752 609 a
760 585 809 621 pres-

186 636 272 686 byteratu
284 636 402 673 distinctione
417 640 435 673 11
450 636 598 684 praeexcellentia,
612 647 632 672 ac
644 633 751 672 necessitate
762 632 810 670 anti-

187 697 291 743 quitateque
297 697 391 742 utriusque
400 697 421 730 in
427 696 509 731 Ecclesia
514 697 555 740 Dei,
562 701 580 732 et
585 696 637 732 Aerii
645 696 711 742 dogma
717 694 808 742 jugulant,
847 703 849 705 ’

186 759 205 792 et
218 755 320 803 ignatianis
334 755 389 803 plane
397 755 565 801 conformiasunt5
579 747 620 803 ¹qnae
628 755 687 803 'toties
699 754 782 791 imitatur
789 757 810 790 et

186 816 272 865 sequitur,
280 805 302 853 ut
311 807 356 864 quin
365 815 426 852 omnia
432 814 502 861 viderit,
513 820 553 864 quae
560 828 594 852 nos
602 815 716 864 ingenuinis
724 814 810 864 Epistolis

186 876 274 922 ridemus,
290 876 374 922 dubitari,
389 879 437 914 certe
452 879 474 912 111
489 876 580 923 pauciora,
598 875 683 912 affirmari
696 888 735 912 uon
747 875 809 923 possit.

94 938 180 983 Hitfssssrffli
187 938 238 975 Nam
251 937 271 974 in
283 937 366 986 Epistola
382 938 406 975 ad
418 936 551 985 Nepotianum,
565 939 577 957 “
585 937 650 983 Esto,”
668 935 740 984 inquit,
748 938 759 955 “
768 935 810 972 sub-

95 977 172 1050 iiiiii.
186 1000 246 1047 jectus
254 999 339 1035 Pontifici
349 1002 387 1042 tuo,
401 1002 419 1035 et
432 998 484 1046 quasi
495 999 560 1035 auinaue
572 1003 667 1046 parentem
681 997 769 1044 suscipe,”
782 996 811 1033 vel

95 1052 161 1086 tianumy
190 1058 298 1107 “suspice'’
323 1058 432 1095 Exhortatio
440 1059 480 1094 haee
489 1058 620 1104 nonAeriana,
632 1058 664 1095 sed
672 1057 770 1106 Ignatiana
778 1060 811 1093 est.

188 1109 304 1168 Nepotianus
320 1119 369 1156 enim
382 1119 478 1169 presbyter
493 1124 537 1157 erat.
563 1120 594 1156 Ita
606 1119 628 1156 de
641 1119 673 1156 illo
687 1118 812 1167 Hieronymus

189 1179 247 1229 Epist.
261 1179 293 1226 iii,
313 1177 364 1217 “Fit
378 1179 460 1226 clericus,
476 1183 494 1216 et
510 1192 543 1229 per
559 1179 622 1217 solitos
636 1179 812 1229 gradus'presbyter

190 1241 302 1277 ordinatrn.”
336 1240 466 1289 Presbyterum
481 1241 539 1288 igitur
555 1241 657 1289 subjectum
673 1239 762 1288 Episcopo
780 1251 813 1275 suo

192 1313 231 1337 esse
240 1300 305 1337 debere
319 1304 382 1337 monet
397 1301 527 1349 Hieronymus,
538 1304 556 1337 11
570 1301 641 1348 quidem
654 1304 742 1347 tanquam
754 1299 813 1335 lilium

192 1360 269 1410 parenti.
284 1361 360 1409 Semper
365 1359 414 1398 enim
419 1360 529 1410 Episcopum
536 1360 639 1410 Presbyteri
647 1364 717 1410 patrem
725 1358 812 1409 agnoscit.

99 1424 185 1469 cratiaejus-
191 1415 273 1471 Epistola
281 1422 319 1459 lxii.
328 1422 351 1458 ad
358 1422 485 1470 Theophilum,
499 1425 511 1442 ‘¹
520 1423 564 1459 Non
573 1435 635 1459 sumus
643 1427 682 1458 tam
689 1422 748 1458 inflati
755 1422 813 1458 cordis

99 1463 185 1532 ffiffm'
191 1486 213 1518 ut
221 1483 325 1530 ignoremus
335 1482 378 1529 quid
386 1481 475 1518 debeatm·
484 1482 611 1518 Sacerdotibus
620 1482 693 1519 Christi.
720 1482 757 1519 oui
765 1482 814 1518 enim

191 1554 221 1579 eos
233 1542 302 1589 recipit,
317 1553 356 1578 non
368 1544 407 1579 tam
419 1554 449 1579 eos
462 1542 532 1589 recipit,
542 1554 596 1590 quam
608 1542 661 1579 illum
670 1542 721 1590 cujus
729 1542 814 1590 Episcopi

191 1605 240 1638 sunt.
266 1601 303 1638 Sed
311 1600 393 1638 contenti
405 1601 442 1638 sint
455 1601 524 1638 honore
537 1614 581 1638 suo:
595 1601 658 1638 Patres
673 1614 691 1638 se
704 1600 764 1637 sciant
776 1614 814 1638 esse

190 1675 228 1700 nou
236 1662 342 1700 Domiuos.”
355 1712 357 1715 ι
368 1663 397 1699 De
406 1662 506 1700 Heliodoro
515 1662 615 1712 Nepotiani
623 1663 713 1712 Episcopo
722 1662 748 1699 ita
752 1662 814 1711 loqui-

191 1727 227 1769 tur,
242 1725 253 1744 “
263 1723 336 1761 odanto
344 1722 430 1771 magistu
439 1727 457 1761 et
466 1724 565 1760 aurmculus
574 1727 593 1760 et
600 1723 706 1772 Episcopus,
713 1723 748 1760 hoc
757 1727 784 1760 est
796 1727 815 1759 et

191 1784 212 1818 in
220 1795 280 1825 carne,
290 1787 308 1818 11
316 1784 336 1818 in
344 1783 409 1830 spiritu
417 1787 474 1831 pater,
484 1784 533 1819 doles
543 1784 605 1819 abesse
613 1784 682 1819 viscera
689 1788 727 1828 tua,
736 1788 755 1819 et
764 1784 816 1831 qnasi

193 1845 230 1880 ate
240 1842 310 1880 divulsa
322 1842 421 1891 suspiras.'’
446 1843 476 1881 Ad
484 1843 609 1892 Nepotianum
621 1844 678 1893 Epist.
687 1843 719 1890 iii,
734 1843 816 1881 “Gloria

192 1904 248 1953 patris
257 1908 284 1941 est
292 1905 340 1941 filius
349 1895 427 1952 sapiens.
450 1905 534 1942 (11111111
541 1906 646 1954 Episcopus
649 1905 718 1954 judicio
727 1918 764 1951 suo,
774 1913 816 1942 cum

192 1965 238 2000 tales
247 1964 319 2001 Christo
335 1964 409 2012 elegerit
424 1965 543 2002 sacerdotes.’'
569 1966 599 2002 111
612 1965 651 2014 ipse
666 1964 816 2013 sanguninem

194 2024 300 2071 compellat:
324 2024 388 2060 “Vale
399 2025 445 2061 mihi
450 2019 511 2062 'amice
520 2025 616 2070 carissime,
625 2028 678 2063 aetate
686 2024 718 2070 fili,
728 2024 816 2073 dignitate

194 2083 277 2131 parcns.’'
302 2084 333 2124 Et,
347 2084 433 2120 “Virum
445 2085 576 2131 honorabilem,
589 2085 665 2122 fratrem
677 2098 744 2131 meum,
758 2085 817 2121 filium

196 2144 306 2191 dignationis
320 2147 361 2189 tuae,
376 2145 462 2181 Orosium
475 2147 602 2193 presbyterum
616 2151 634 2183 et
648 2147 677 2183 sui
689 2147 754 2183 merito
767 2151 786 2184 et
798 2150 817 2183 11

195 2204 272 2253 jubente
285 2203 373 2251 suscepi.'’
399 2204 445 2241 Quae
454 2217 495 2241 cum
507 2205 534 2241 ita
545 2206 588 2251 sint,
599 2206 631 2242 illa
638 2207 659 2242 iu
667 2211 749 2255 suspecto
758 2209 818 2255 Opere

196 2265 216 2300 in
225 2264 318 2300 Psalmum
329 2263 370 2301 sliu.
381 2263 495 2313 Hieronymo
503 2265 533 2301 vix
544 2254 644 2313 abjudicari
655 2269 737 2314 possunt,
751 2270 762 2287 “
771 2267 819 2303 Eue-¹
845 2287 847 2297 1

195 2327 244 2370 runt,
254 2323 360 2370 oEcelesia,
369 2323 453 2372 Apostoli
466 2328 526 2372 patres
538 2325 571 2371 tui,
584 2324 626 2374 quia
637 2326 671 2375 ipsi
681 2329 701 2363 11
709 2330 817 2375 genuerunt.

196 2386 252 2423 Nunc
267 2388 328 2422 autem
342 2384 385 2433 quia
397 2385 425 2422 illi
438 2387 554 2424 recesserunt
567 2398 578 2423 a
592 2387 667 2434 mundo,
679 2387 734 2425 habes
745 2400 778 2437 pro
789 2388 818 2425 his

196 2446 294 2495 Episcopos
306 2445 358 2491 filios,
368 2445 399 2494 qui
408 2459 418 2483 a
426 2450 445 2484 te
454 2446 510 2484 creati
523 2451 576 2485 sunt:
590 2452 633 2485 srmt
642 2448 691 2485 euim
700 2449 747 2486 ethi
758 2438 819 2498 patres

197 2507 230 2551 tui,
240 2506 282 2553 quia
295 2507 317 2543 ab
332 2506 375 2553 ipsis
389 2508 485 2555 regeris’*
501 2499 550 2546 Haec
560 2516 621 2545 autem
631 2511 717 2561 realp'ecta'o
727 2511 820 2557 Hierony-

197 2564 259 2602 miana
266 2564 313 2601 nihil
321 2564 370 2601 aliud
377 2569 404 2603 est
413 2580 468 2615 quam
476 2564 547 2615 ὑπακοὴ
555 2568 583 2606 vel
591 2566 673 2617 ὑποτακγὴ
683 2566 786 2617 Ignatiana.

106 2637 191 2674 Hieronymi
224 2626 313 2672 Secundo,
323 2626 447 2676 Hieronymus
460 2628 557 2677 saepissime
569 2633 607 2666 tres
619 2630 686 2677 gradus
699 2629 735 2667 sive
748 2630 820 2668 ordines

106 2676 170 2706 doctrina
198 2687 218 2723 in
234 2686 319 2733 Ecclesia,
341 2687 475 2738 Episcopatum,
496 2688 647 2739 presbyteratum,
664 2694 683 2728 11
699 2691 820 2729 diaconatum
