1747 2957
96 2053 118 2073 SU-

181 199 217 237 132
343 198 480 240 aususausus
492 212 504 239 s
516 213 630 241 nssnnosns

181 302 232 351 ἡμεῖς
246 303 277 342 καί
291 304 311 343 τὸ
327 305 346 343 ἐν
360 308 386 357 τῷ
399 307 434 346 ὑπό
449 322 502 345 τινων
517 306 679 357 καταφρονουμένην
686 305 763 357 βιβλίῳ,
778 307 806 356 τῷ

135 416 137 421 ‚
183 364 266 412 Ποιμένι,
283 366 325 417 περὶ
342 369 374 403 τοῦ
389 364 544 418 προστοίσσεσθαι
557 367 588 405 τὸν
602 367 672 417 Ἑρμᾶν
686 367 717 405 δίο
731 366 805 416 upupae

182 424 259 471 βιβλία,
273 425 304 463 καὶ
314 426 362 475 μετὰ
369 429 426 465 ταῦτα
435 426 489 465 αὐτὸν
497 425 617 476 αναηηέλλειν
625 429 662 468 τοῖς
672 425 805 479 πρεσβυτέροις

183 486 215 539 τῆς
222 484 336 534 Ἐκκλησίας
345 488 357 525 t
365 487 467 537 μεμάθηκεν
479 488 515 527 ὑπὸ
526 491 557 528 τοῦ
566 488 671 538 πνεύματος,
681 489 726 528 otto
735 487 804 537 διηηοί-
842 487 844 489 ’

183 547 235 595 pedo.
260 550 359 599 Propterea
366 564 398 589 nos
406 553 452 589 ittud
459 554 479 589 in
487 554 568 599 Pastore,
577 553 637 599 utro,
647 553 676 601 qui
688 553 709 590 at
718 551 805 600 aliquibus

184 611 306 657 contemnitur,
313 613 334 649 de
343 614 385 649 dato
394 614 464 649 Henna
470 603 564 661 praecepto,
573 618 593 650 ut
602 603 645 650 duos
654 614 707 650 tta-os
715 605 804 657 sartura,

183 670 253 718 ipseque
261 675 325 719 postea
337 673 434 709 senioribus
442 674 526 710 Ecclesia
539 674 655 711 annunciaret
667 686 704 722 ηιιω
716 672 807 721 aSpiritu-

183 731 276 775 didicerat,
286 734 313 767 itu
321 734 464 779 interpretamur.
490 734 572 769 Homilia
579 734 615 770 viii.
624 735 644 771 in
651 736 747 779 Numeros,
756 734 806 776 Quot

183 794 241 828 austeri
250 792 288 828 dies
292 794 364 839 peccati
372 794 391 829 in
400 805 464 829 annurn
471 806 528 840 paria
535 783 631 841 reputetur,
640 809 675 831 nou
683 796 738 832 saturn
746 795 765 831 in
774 795 806 831 troo

173 851 242 906 dibeo,
250 853 269 888 in
278 865 310 900 puo
319 853 365 890 utun
373 854 441 890 orronino
451 854 533 901 estquod
540 853 618 890 dubitari
623 855 686 902 possit,
696 855 794 892 ostenditur
799 869 805 899 ς

171 942 174 945 ⁴
182 914 214 949 sed
219 917 237 950 et
242 915 262 951 ia
267 914 334 951 Iitetto
342 915 429 960 Pastoris,
438 916 454 950 si
463 916 491 951 cni
500 918 558 951 tortian
566 917 656 962 scriptura
664 916 696 951 itta
704 916 806 963 recipienda

182 975 257 1020 uidetur,
267 976 333 1013 sirnitiu
342 976 462 1024 desipnantur.
475 975 564 1013 Eusebius
572 975 621 1012 Hist.
629 976 697 1013 Eeolas.
706 976 718 1013 l.
727 976 753 1012 iii.
763 989 777 1013 o.
787 978 804 1013 3.

183 1033 237 1072 Ἐπεὶ
246 1034 283 1073 δὲὸ
293 1034 345 1075 αὐτὸς
353 1034 468 1077 Ἀπέστολος
477 1035 496 1073 ἐν
506 1038 545 1076 ταῖς
554 1034 585 1073 ἐπὶ
593 1034 642 1073 τέλει
650 1034 766 1087 προσρήσεσι
774 1037 806 1083 τῆς

184 1092 230 1143 πρὸς
238 1094 339 1142 Ῥωμαίους
348 1094 418 1143 μνήμην
426 1095 526 1142 πεποίηται
534 1094 581 1143 μετὰ
588 1097 624 1132 τῶν
630 1094 693 1132 τίλλων
702 1094 733 1132 καὶ
740 1093 805 1146 Ἑρμᾶ,

185 1153 205 1192 οὗ
217 1157 275 1206 φασιν
287 1155 379 1208 ὑπάρχειν
391 1155 412 1194 τὰ
427 1158 458 1194 τοῦ
470 1155 560 1204 Ποιμένος
572 1155 654 1202 βιβλίον·
669 1154 729 1194 ἰστέον
740 1154 764 1196 ὥς
776 1156 807 1193 καὶ

185 1217 238 1253 τοῦτο
245 1215 290 1267 πρὸς
298 1216 331 1263 μέν
339 1231 392 1254 τινων
401 1215 532 1259 ἀντιλέλεκται,
541 1215 562 1253 δι’
570 1215 599 1256 οὓς
608 1215 640 1253 οὐκ
649 1216 671 1254 to
680 1216 699 1254 ἐν
707 1215 806 1264 ὁμολοηου-

185 1273 245 1324 μένοις
259 1276 324 1322 τεθείη·
338 1275 368 1326 ὑφ’
383 1275 447 1327 ἑτέρων
459 1275 478 1314 δὲ
491 1274 632 1324 ἀναγκαιότατον
645 1276 672 1317 οἷς
685 1275 768 1324 μάλιστα
780 1275 807 1314 δεῖ

186 1335 321 1388 στοιχειώσεως
334 1336 455 1385 εἰσωγωηικῆς
467 1336 553 1387 κέκριται·
567 1334 608 1375 ὅθεν
619 1329 694 1384 ἥδηκαί
702 1336 721 1374 ἐν
728 1335 806 1384 Ἐκκλη-

187 1395 236 1436 σίαις
250 1396 303 1445 ἴσμεν
316 1396 360 1434 αὐτὸ
376 1396 540 1446 δεδημοσιευμένον,
552 1397 583 1435 καὶ
595 1400 631 1435 τῶν
643 1397 773 1436 παλαιοτάτων
787 1397 807 1435 δὲ

187 1459 308 1509 συηηραφέων
321 1459 441 1510 κεχρημένους
453 1459 503 1500 τινας
519 1458 567 1509 αὐτῷ
581 1458 689 1510 κατείληφα.
722 1461 807 1502 Quoniarn

185 1533 225 1557 uero
238 1522 285 1558 idern
297 1521 393 1567 Apostolus
406 1510 425 1557 in
437 1521 573 1557 satutationitus
585 1521 610 1557 ad
618 1521 673 1567 fiuent
684 1521 770 1568 Epistola
783 1522 808 1557 ad
858 1539 860 1541 ·

185 1581 273 1617 Romanos
283 1582 330 1617 inter
339 1583 383 1617 otios
395 1582 499 1617 uocationem
508 1581 554 1627 seoit
562 1570 637 1627 Heraia,
647 1582 697 1629 crpus
708 1593 745 1618 esse
757 1577 808 1618 attint

184 1641 258 1679 Librurn
271 1642 365 1684 Pastoris;
379 1642 468 1678 sciendum
479 1645 505 1678 est
516 1642 570 1678 etiaoi
581 1642 641 1678 ladon
652 1633 755 1690 quibuisdam
766 1655 807 1680 eou-

185 1703 256 1750 tradici,
262 1708 337 1752 proptor·
343 1696 385 1752 qnos
393 1704 440 1741 inter
448 1706 521 1752 recepta
531 1704 643 1741 auctoritatis
651 1704 716 1741 Libros
720 1704 765 1751 poni
773 1709 808 1741 aon

181 1769 246 1813 potest.
271 1765 300 1802 At
310 1766 351 1802 otiis
359 1778 400 1803 aero
410 1766 486 1803 arianicae
497 1764 606 1803 necessarius
614 1765 713 1813 judicatur,
726 1766 749 1802 iis
759 1778 807 1814 prce-

185 1828 285 1875 sentiment
297 1828 411 1864 eternentaria
424 1828 534 1880 institutione
549 1827 634 1874 indipent.
648 1844 649 1847 ¹
662 1827 711 1863 Unde
724 1828 777 1863 etium
788 1828 808 1862 in

185 1887 272 1925 Eodesiis
280 1901 318 1925 enirn
326 1888 436 1936 publicatam
444 1888 508 1925 scirnus
513 1904 519 1930 ;
533 1891 550 1924 et
558 1888 595 1935 ipse
604 1888 687 1934 quosdarn
696 1901 718 1924 ea
726 1888 807 1924 petiistis·

187 1948 236 1984 sionis
244 1948 359 1996 scriptoribus
367 1948 422 1996 ipsius
431 1948 528 1985 testimonio
537 1960 578 1984 usos
586 1960 623 1984 esse
631 1947 742 1995 deprehendi

96 2006 181 2052 easthana-
213 2010 232 2045 S.
238 2009 354 2054 Athanasius,
361 2010 440 2048 Eusebio
449 2010 568 2059 synchronus,
575 2009 595 2046 in
603 2009 686 2058 Epistola
694 2008 807 2061 ἑορταστικῂ,

188 2079 230 2103 oum
242 2063 300 2104 fibras
314 2070 333 2105 S.
343 2070 441 2118 Scripturas
458 2071 559 2107 Canonioos
573 2070 672 2115 recitasset,
684 2062 808 2106 monuit'esse

188 2126 219 2164 καὶ
228 2126 280 2178 ἕτερα
287 2128 356 2174 βιβλία
364 2129 432 2166 τούτων
440 2129 510 2177 Ιἔξωθεν,
519 2128 539 2167 οὐ
549 2129 675 2176 κανονιζὸμενα
682 2129 719 2176 μὲν,
729 2144 808 2166 τετυπω·

187 2185 234 2233 μένα
241 2185 261 2223 δὲ
268 2186 319 2237 παρὰ
328 2189 363 2224 τῶν
371 2185 454 2237 πατέρων
463 2186 621 2235 ἀνσηινώσκεσθαι
628 2190 665 2227 τοῖς
677 2187 720 2238 ἄρτι
730 2203 809 2240 προσερ-

187 2246 270 2298 χομένοις
279 2246 309 2285 καὶ
314 2247 432 2296 βουλομένοις
441 2248 562 2299 κατηχεῖσθαι
569 2247 600 2286 τὸν
608 2250 641 2295 τῆς
647 2248 741 2293 εὐσεβείας
748 2248 808 2295 λόηον·

188 2307 247 2360 σοφία
258 2307 381 2358 Σολομῶντος,
390 2308 421 2347 καὶ
430 2307 488 2360 σοφία
495 2307 560 2360 Σιρὰχ)
574 2307 604 2345 καί
615 2306 690 2359 Ἐσθὴρ,
699 2307 730 2347 καί
737 2307 809 2354 ‘levita

186 2368 217 2408 καὶ
231 2369 312 2418 Τοβίας,’
322 2370 352 2410 καὶ
367 2370 432 2423 διδαχὴ
446 2369 547 2418 καλουμένη
561 2371 597 2407 τῶν
610 2368 736 2417 Ἀποστόλων,
752 2369 782 2408 καί
799 2371 808 2410 ὁ

187 2430 264 2480 Ποιμήν
285 2434 339 2471 etiarn
356 2434 401 2471 aiios
414 2433 538 2481 libros-entra
553 2433 589 2485 tros,
607 2444 642 2468 non
659 2444 724 2468 canone
740 2433 809 2479 quoidern

183 2494 274 2541 probatos,
288 2495 320 2531 sed
329 2495 412 2542 Patruini
420 2494 527 2532 orirctoritate
541 2493 578 2529 titis
593 2492 623 2540 qui
632 2492 707 2545 pietatis
722 2494 809 2531 eteaieutis

186 2554 275 2592 induendi
289 2560 345 2593 esseut
355 2557 462 2605 propositos,
475 2555 535 2608 quates
547 2557 593 2599 uorat,
603 2553 695 2600 Sapientia
706 2554 808 2602 Satorrzonis,

187 2614 279 2660 Sapientia
285 2616 355 2661 Siraci,
362 2616 509 2662 assaraddon,
514 2614 582 2658 Tobios,
588 2614 675 2648 Doctrina
680 2614 808 2662 Apostolorum,

185 2678 203 2715 et
212 2676 283 2715 Pastor.
297 2677 343 2715 Haec
353 2678 425 2730 quidem
435 2681 479 2714 tunc
487 2675 573 2713 Eootesiae
582 2674 682 2721 senientis5
696 2676 739 2725 quid
748 2680 809 2714 autem
