1679 2935
173 228 198 264 30
301 269 304 276 ,
363 238 386 265 nn
399 238 452 275 curu,
465 238 572 275 raconnssu,
585 238 607 266 nr

174 330 274 379 pervellit.'’
305 331 347 379 Ipse
361 335 422 368 autem
437 331 505 380 aliquid
518 329 604 380 Epistolis
613 332 709 374 resectum,
727 326 798 377 aliquid

175 396 257 429 assutum
265 405 303 429 esse
312 394 394 429 autumat
399 391 409 429 f.
684 420 686 424 ,

200 454 278 491 Interim
286 453 392 491 reverendus
404 453 501 491 admodum
509 452 618 501 Whitgiftus
628 451 648 489 in
659 450 745 489 Ecclesiae
753 462 797 487 nos-

175 517 209 552 trae
222 514 349 552 controversiis
362 515 435 562 Ignatio
449 515 528 551 mrrltum
541 514 643 558 tribuebat3
657 516 676 548 et
691 510 797 548 Schismati-

176 587 239 611 oorum
247 574 351 624 coryphaeus
359 576 437 612 Thomas
444 576 574 624 Oarturightus
582 575 596 623 ej
599 574 662 611 usdem
671 572 797 610 auctoritatem

176 635 286 684 defugiebat,
300 639 318 673 et
327 636 421 674 Calvinum
434 635 485 685 sequi
497 637 593 685 professus,
607 634 677 683 aliaque
690 635 797 682 argumenta

176 709 198 733 ex
209 696 282 745 proprio
290 709 339 746 penu
350 697 471 745 suppeditans,
483 697 561 746 negabat
573 699 664 733 auctorem
673 693 797 743 Epistolarum

175 757 232 795 fuisse
240 758 292 794 illrun
300 758 429 805 Apostolorum
440 757 558 807 discipulum:
573 757 621 807 quod
632 760 650 793 et
662 756 700 806 ejus
713 767 803 804 sequaces>

175 817 238 861 fecere,
248 818 318 864 quoties
327 817 395 864 aliquid
403 817 447 864 ipsis
455 818 547 864 objectum
555 822 588 863 est,
594 817 624 853 cui
629 815 737 864 respondere
745 814 798 851 aliter

175 878 326 923 nonpotuerunt:
341 875 411 922 quoties
419 879 480 912 autem
487 876 510 913 ad
517 876 649 925 presbyterium
655 874 798 913 confirmandum

141 931 143 933 ’
175 934 798 985 aliquidfacereridebatrn,ejusauctoritatelibenterfrequenterque

174 995 279 1033 utebantur.
301 995 330 1032 De
335 995 401 1044 quibus
410 995 488 1044 grauiter
497 996 613 1046 conqueritur
621 997 680 1035 LOUS:
691 1000 702 1017 “
707 997 798 1045 Epistulas

175 1060 223 1102 tuas,
233 1057 351 1094 Sanctissime
359 1057 428 1105 Ignoti,
438 1057 547 1094 adulterinas
556 1070 594 1095 esse
603 1057 720 1095 contendunt.
746 1058 770 1094 In
778 1057 798 1092 id

176 1117 226 1154 enim
233 1116 351 1166 impudentiae
356 1116 483 1154 diverticulum
491 1117 507 1155 si
515 1130 553 1155 non
561 1130 581 1155 se
585 1116 691 1166 receperint,
697 1116 798 1153 adulterata

176 1177 249 1228 penitus
258 1182 277 1216 et
284 1178 484 1229 trupissimis‘sordibus
493 1193 564 1229 aspersa
572 1193 635 1217 eorum
642 1180 724 1217 doctrina
730 1178 798 1215 habea-

177 1240 244 1275 turgd'
258 1243 276 1275 et
290 1237 605 1288 gravissimusprudentissimusque
620 1238 734 1283 Bancrot'tus,
748 1240 760 1258 “
769 1237 799 1274 Ad

177 1309 247 1335 morem
257 1299 391 1336 Genevensium
399 1298 483 1348 ignatius
492 1300 542 1349 loqui
550 1300 615 1344 ‹lebet;
630 1303 661 1336 aut
670 1299 684 1336 si
695 1299 736 1346 plus
745 1310 798 1347 quam

178 1360 235 1397 velint
242 1372 313 1409 urgeas,
326 1360 444 1409 pauperculus
455 1361 539 1409 antiquus
549 1361 603 1397 Pater
614 1361 648 1397 iste
656 1364 742 1408 tanquam
752 1359 798 1395 ficti-

178 1419 215 1456 tius
224 1423 242 1456 et
249 1421 305 1458 homo
312 1432 369 1458 uanus
375 1421 416 1469 jure
424 1420 505 1470 rejicitur
511 1420 536 1456 ¹¹3¹
597 1450 598 1454 ,
609 1442 611 1447 ·

143 1530 145 1532 Ι
204 1481 251 1518 'llum
265 1493 307 1519 vero
321 1481 460 1519 eminentissimi
474 1482 510 1519 duo
523 1482 627 1520 Cardinales
640 1480 730 1519 Baronius
745 1485 798 1529 atque

88 1552 162 1581 Batonius.

180 1541 306 1587 Bellarminus,
317 1542 343 1577 ita
352 1542 463 1589 judicabant.
488 1543 578 1578 Batonius
587 1547 639 1578 caute
647 1542 725 1589 primum
734 1540 798 1577 distin-

180 1600 220 1649 guit
236 1600 284 1638 inter
300 1600 391 1650 Epistulas
406 1600 558 1653 Latinetantum
572 1605 667 1648 exstantes,
683 1605 702 1638 et
715 1613 745 1638 eas
761 1613 800 1650 quae

180 1662 243 1699 Graece
257 1661 313 1698 ctiam
328 1662 433 1710 prodierant
438 1676 444 1706 ς
464 1663 532 1710 priores
549 1662 617 1699 nullius
634 1662 746 1699 auctoritatis
762 1674 802 1699 esse

179 1722 251 1767 innuit;
265 1722 372 1771 posteriores
385 1735 447 1760 omnes
459 1723 510 1760 aride
524 1722 644 1771 amplectitur,
659 1723 772 1771 incorruptas
783 1726 801 1758 et

179 1783 260 1832 integras
274 1796 313 1821 esse
325 1784 438 1832 pronunciat,
448 1786 515 1833 easque
522 1783 574 1821 miris
583 1779 635 1820 effert
643 1783 732 1820 laudibus.
758 1783 802 1820 Non

180 1845 230 1881 enim
242 1849 311 1893 septem
320 1848 394 1882 tantum
405 1844 486 1881 Eusebio
497 1844 584 1891 cognitas,
598 1844 629 1880 sed
642 1847 660 1880 et
669 1843 748 1891 quinque
760 1842 802 1879 reli-

181 1918 225 1953 quas
238 1905 324 1954 “Ignatii
332 1918 371 1943 esse
380 1895 479 1953 germanas,
489 1904 596 1950 easdemque
605 1903 742 1948 sincerissimas,
748 1916 802 1939 nemo

89 1975 172 2006 Bellarmin.
180 1965 239 2013 jure,”
248 1965 314 2011 inquit,
323 1966 335 1984 “
341 1963 409 2012 poterit
413 1963 514 1999 dubitare.'’
540 1962 661 1998 bellarminus
668 1966 721 1998 notat
727 1962 802 1998 Latinas

182 2028 226 2069 tres,
240 2026 251 2043 “
260 2023 368 2071 grauitatem
381 2023 448 2071 eloquii
462 2024 480 2059 S.
488 2022 557 2070 Ignatii
564 2022 639 2059 ‘omnino
648 2035 685 2059 non
697 2022 777 2060 redolere
782 2022 801 2059 θ’

183 2083 263 2133 quinque
270 2082 349 2120 Eusebio
357 2083 459 2132 incognitas
473 2085 484 2103 “
493 2082 515 2120 ob
524 2083 567 2132 styli
575 2083 712 2121 similitudinem
720 2089 739 2121 et
749 2084 802 2133 spiri-

182 2148 224 2181 tum
239 2156 281 2181 vere
297 2143 427 2193 Apostolicum,
445 2143 512 2181 oriris
527 2144 584 2181 docus
599 2145 672 2181 omnino
686 2145 741 2193 recipi
746 2160 751 2190 ς
764 2157 802 2182 non

183 2217 221 2242 esse
235 2217 320 2254 magnam
333 2204 388 2242 fidem
401 2204 504 2242 habendam
519 2205 608 2242 codicibus
623 2205 696 2251 Graecis,
710 2207 741 2254 qui
752 2218 802 2243 nuno

183 2269 260 2310 exstant,
271 2265 342 2313 quando
347 2265 448 2313 discrepant
456 2265 543 2302 anaticis
548 2279 553 2309 3
562 2278 609 2312 saepe
615 2265 664 2302 enim
672 2266 802 2302 emendatiores

182 2324 260 2362 inveniri
267 2324 337 2362 codices
349 2325 423 2362 Latinos
432 2337 486 2373 quam
496 2326 577 2362 Graecos:
591 2324 639 2372 quod
646 2325 727 2369 verum,’'
735 2326 800 2373 inquit,

183 2404 185 2409 '
203 2403 299 2438 ‘lesuitismt
307 2404 337 2432 sire
343 2403 481 2441 Pontiano-Papiam
506 2403 570 2433 Hookerl
576 2412 606 2433 nou
611 2403 679 2432 meminit
685 2403 766 2438 Pearsonus,
776 2404 802 2433 for-

184 2441 270 2470 Oonfutatio.
290 2442 335 2470 hond.
342 2442 382 2471 1584.
505 2444 542 2471 tasse
552 2442 585 2479 quia
594 2441 633 2470 nibil
641 2441 667 2470 ille
673 2441 691 2470 ad
699 2441 753 2470 criticae
760 2450 803 2478 qnaes-

202 2479 299 2514 abierimus
310 2480 383 2515 Ecclesiae,
395 2481 438 2517 p191,
458 2479 481 2509 Li·
505 2481 549 2509 tionis
568 2479 702 2508 determinationem
720 2480 802 2509 contulerat.

183 2519 210 2547 ber
218 2518 269 2547 Latine
277 2518 339 2556 scriptus
348 2521 397 2546 contra
406 2518 482 2547 Puritancs
507 2517 700 2554 OitatHookerusEpistolas
706 2517 803 2554 interpolatas,

184 2556 215 2585 sinc
225 2556 292 2585 Auctoris
304 2556 367 2585 nornine.
386 2555 481 2586 bonosiaca.
507 2557 555 2593 quales
570 2558 604 2585 tunc
617 2555 773 2592 exstabantsaeplum
789 2559 804 2585 et

183 2596 213 2623 tto.
505 2594 553 2631 Epist.
563 2594 581 2622 ad
590 2594 694 2630 Philippenses,
703 2593 741 2623 nect.
748 2594 803 2624 rosv,

202 2631 281 2668 ll‘Sorvap
291 2630 307 2659 of
317 2630 342 2660 the
353 2631 433 2660 Preteuded
444 2631 483 2668 Holy
507 2632 549 2661 lxxii.
556 2633 578 2660 10.

183 2670 273 2707 Disciplina?
283 2668 348 2697 dxxvii.
356 2671 405 2706 1).33Ο4
413 2669 435 2698 cd.
442 2671 482 2698 1593.
527 2704 530 2708 ι
