1747 2957
171 185 208 224 226
378 195 488 225 marmorum
500 193 589 224 ornemus.

146 280 148 284 ’
172 298 243 333 versam
257 299 292 325 neo
305 291 364 337 potest
379 300 418 327 esse
431 287 528 338 quicquam
540 285 560 323 in
573 284 627 323 rebus
641 283 746 335 hujusmodi
760 282 795 321 hoo

174 353 282 399 argumento
290 350 384 388 efficacius.
603 383 605 386 ,

199 411 230 448 aa
237 412 326 460 maj0rem
334 416 396 450 tamen
407 409 563 450 confirmationem
572 408 612 445 haee
620 406 696 445 ulterius
705 405 748 443 addi
755 418 796 454 pos-

176 476 224 519 sunt,
232 473 367 522 Hieronymum
374 476 385 494 “
390 474 439 510 ultra
451 470 566 521 septuaginta
573 469 644 507 libellos
653 467 743 525 Origenis,
753 480 798 515 qnos

177 533 297 572 Homiletieos
310 535 405 584 appellavit
416 533 530 575 transtulisse
542 532 563 569 in
571 530 676 568 Latinnm”
686 528 798 566 1111111111-

177 595 225 631 finus
240 595 261 631 in
275 595 385 631 Praefatione
401 594 424 630 ad
439 594 495 630 libros
506 590 554 642 Περὶ
569 589 646 642 Ἀρχῶν.
671 590 747 626 Fatetur
763 588 799 624 hoo

178 654 302 710 Hieronymus
310 655 349 703 ipse
357 654 447 704 Apologia
454 653 518 702 prima,
530 664 545 690 o.
553 653 570 689 8.
596 649 735 699 “Septuaginta
743 647 799 693 libros

178 708 222 764 ejus,
232 718 253 751 ut
264 726 315 752 meus
325 715 437 751 necessarius
448 714 561 760 emminatur,
572 713 593 750 in
604 712 691 750 Latinum
703 713 799 755 verteram,

178 778 197 811 et
204 774 263 810 multa
272 773 294 811 de
302 774 369 811 Tomis.
394 774 496 823 Nunquam
508 774 530 811 de
541 775 601 822 Opere
612 784 653 810 meo
665 772 700 810 fuit
713 770 800 820 quaestio;

177 847 272 882 nunquam
280 834 340 871 Roma
347 838 438 871 commota
446 833 493 870 est.'’
519 834 578 870 Notat
588 834 672 869 nunnus
679 834 700 868 in
708 833 801 869 Inveenva

179 893 269 931 Homilias
280 894 301 932 in
309 894 384 940 Lucam,
393 893 414 931 in
421 893 494 940 Isaiam
504 892 608 938 Jeremiam,
617 896 672 940 atque
680 891 800 929 Ezechielem.

179 954 303 1005 Hieronymus
311 954 349 1004 ipse
357 957 436 992 testatur
445 953 582 1004 quatuordeeim
590 958 664 991 tantum
673 952 693 990 in
702 952 801 990 Jeremiam

123 1058 125 1062 Α
179 1018 198 1053 11
206 1016 284 1053 totidem
291 1016 312 1053 in
318 1015 433 1053 Ezechielem
441 1027 460 1052 se
468 1014 587 1052 transtulisse.
610 1013 672 1052 Verba
680 1014 719 1062 ejus
730 1012 802 1050 suntin

179 1077 258 1125 Prologo
265 1076 288 1114 ad
292 1076 413 1114 Ezechielem
428 1079 440 1096 ‘¹
445 1076 511 1125 ltaque
519 1080 561 1125 post
569 1075 705 1124 quatuordecim
712 1074 803 1111 Homilias

179 1137 200 1174 in
212 1137 223 1174 J
224 1137 316 1183 eremiam,
328 1150 372 1186 quas
383 1136 494 1186 jampridem
507 1136 582 1174 confuso
597 1136 659 1173 ordine
671 1136 803 1183 interpretatus

181 1210 228 1245 sum,
240 1202 259 1235 et
269 1198 303 1235 has
314 1198 450 1247 quatuordecim
461 1197 483 1235 in
491 1197 606 1234 Ezechielem
617 1209 649 1247 per
659 1196 755 1235 intervalla
766 1196 803 1233 dio-

181 1259 237 1305 tavi‚’'
251 1262 269 1295 et
281 1258 302 1295 in
313 1259 405 1307 Catalogo,
415 1260 427 1278 “
433 1259 458 1296 In
466 1258 566 1297 heremiam
578 1262 597 1296 11
609 1257 629 1297 in
640 1257 754 1296 Ezechielem
763 1257 803 1295 Ho-

182 1319 241 1356 milias
247 1318 331 1367 Origenis
339 1319 405 1368 viginti
413 1322 459 1365 octo,
467 1331 511 1368 quas
520 1318 612 1356 tleGraeoo
618 1318 640 1356 in
645 1318 731 1356 Latinum
738 1317 813 1359 vertiss’,

184 1379 271 1416 Homiliae
279 1383 341 1416 autem
353 1380 373 1416 in
382 1379 451 1416 Isaiam
462 1379 589 1417 tantummodo
598 1391 662 1417 novem
671 1382 725 1424 sunt;
739 1378 804 1428 quibus

183 1439 199 1476 si
208 1439 263 1476 addas
272 1439 448 1486 duasinGanticum,
455 1439 513 1476 adhue
522 1443 594 1476 tantum
603 1443 645 1476 sunt
650 1439 727 1488 triginta
732 1451 803 1476 novem.

184 1501 197 1519 “
203 1499 273 1535 Ultra”
281 1499 339 1547 igitur
348 1499 435 1535 “libellos
444 1500 559 1547 septuaginta
564 1499 576 1518 ’'
590 1499 613 1535 ab
622 1499 735 1548 Hieronymo
743 1511 805 1536 versos

183 1558 265 1596 invenire
278 1570 373 1608 nunquam
385 1559 456 1607 poteris,
469 1558 505 1597 nisi
512 1558 548 1596 illis
556 1558 632 1608 triginta
640 1558 706 1597 novem
714 1559 808 1597 Homilias'

183 1620 203 1656 in
211 1620 281 1656 Lucam
290 1620 364 1656 Ruffino
372 1622 480 1656 memoratas
488 1632 601 1666 enumeres,
607 1624 629 1656 ut
635 1624 654 1656 et
659 1620 691 1657 ille
697 1620 805 1657 numeravit.

185 1679 348 1718 onaenrasmum
357 1692 410 1717 suum
418 1679 466 1718 male
474 1679 504 1718 hio
513 1680 579 1718 [leserit
585 1681 669 1728 Dallaeus,
675 1681 708 1730 qui
715 1680 736 1718 in
742 1681 806 1719 Iudice

184 1740 265 1789 Operum
274 1740 384 1789 Hieronymi
389 1741 425 1778 has
433 1741 481 1789 ipsas
489 1741 580 1778 Homilias
591 1742 639 1779 inter
651 1740 724 1789 partein,
734 1742 805 1779 “idest

185 1814 206 1839 ea
218 1814 258 1851 quae
269 1814 311 1839 uere
323 1805 366 1839 sunt
379 1801 508 1851 Hieronymi,”
517 1814 555 1849 seu,
565 1804 577 1823 “
584 1803 606 1840 de
619 1803 685 1852 quibus
693 1803 812 1841 1111111111-μ

184 1863 230 1901 tatio
239 1863 263 1900 sit
271 1863 316 1911 quin
324 1864 346 1900 ab
356 1862 470 1913 Hieronymo
479 1863 516 1901 sint
525 1864 574 1901 edita
580 1864 591 1882 ”
605 1864 809 1911 1111111111,1111111·1111.’

186 1924 290 1961 “'Homiliae
295 1925 316 1961 in
322 1925 391 1962 Lucam
399 1924 475 1972 triginta
482 1936 548 1962 novem
556 1924 579 1961 ab
586 1924 699 1973 Hieronymo
707 1925 806 1962 translatae.

186 1984 211 2020 In
219 1983 327 2021 Praefatione
335 1995 421 2021 numerus
430 1986 457 2021 est
466 1984 549 2021 omissus.
576 1984 606 2021 Sic
619 1987 680 2021 antem
691 1983 769 2021 refertur
777 1984 808 2021 hie

186 2043 237 2079 loeus
246 2043 338 2080 aRuffino
346 2044 444 2082 invectivae
452 2056 490 2082 suae
501 2045 548 2081 libro
558 2045 646 2092 Secundo,
657 2046 724 2082 Saltem
732 2046 808 2093 triptota

187 2114 248 2140 nouem
260 2103 365 2140 Adamantii
377 2105 434 2141 nostri
448 2105 468 2141 in
475 2105 543 2142 Laeana
551 2105 645 2152 Homilias,
659 2106 734 2143 11111111
747 2098 817 2144 Graeco¹

187 2163 278 2209 habentor,
286 2164 411 2211 interpretor?

95 2233 168 2280 Brundeni
194 2253 197 2257 a
210 2224 260 2262 Cum
268 2223 353 2261 haeotum
359 2223 517 2270 delaceratam
524 2225 546 2262 de
552 2225 655 2275 Interprete
663 2226 707 2265 adeo
715 2227 809 2277 perspicua

95 2273 171 2339 ffilfflffiffg
187 2285 230 2331 sint,
243 2285 351 2321 Bloudellns
365 2288 428 2320 tamen
440 2297 478 2320 non
491 2285 559 2322 veritus
572 2291 605 2331 est,
622 2288 687 2324 harum
703 2289 724 2325 in
738 2290 809 2326 Lucam

96 2347 113 2414 {td
120 2347 168 2402 111111
177 2395 180 2402 Ι
188 2344 312 2383 Homiliamm
326 2345 449 2392 Interpretem
463 2345 557 2383 Rnffinum
569 2346 638 2386 dicere:
650 2352 671 2386 ‘et
681 2348 702 2385 in
712 2348 809 2386 levissimis

104 2395 114 2415 θ’
121 2385 129 2415 l
135 2395 169 2415 ⁰⁵⁵¹¹
177 2405 255 2443 'notulis
266 2405 302 2442 suis
311 2405 335 2442 ad
342 2405 444 2454 Epistolam
453 2405 547 2443 clarissimi
555 2407 618 2445 Vossii
630 2405 694 2446 asserit
703 2411 760 2460 “ejus
769 2422 809 2448 esse

187 2467 263 2516 probare
272 2466 373 2505 Homiliam
382 2467 470 2512 sextam?
479 2480 501 2504 en
509 2481 545 2517 qna
552 2473 636 2507 nostrum
646 2466 716 2519 petitur
727 2472 809 2508 testimo·

187 2528 239 2566 nium
248 2531 302 2565 “non
311 2527 381 2565 ltuffini
391 2528 462 2565 somnia
470 2541 506 2565 sua
516 2529 592 2579 Origeni
603 2532 712 2580 affingentis,
723 2532 755 2569 sed
766 2532 809 2569 Ori-

188 2589 239 2637 genis
247 2589 303 2638 ipsius
312 2589 369 2626 esse.”
395 2589 421 2626 At
429 2600 463 2626 nos
471 2589 506 2626 hoc
517 2590 577 2638 ipsum
590 2592 731 2630 cumulatissime
739 2593 808 2642 proba-

188 2648 279 2694 vimusnt
287 2653 372 2697 appareat
380 2648 419 2685 haeo
428 2660 510 2686 essenon
519 2650 587 2687 Ruffini
596 2652 670 2698 somnia,
676 2651 809 2690 sedBloudelli
839 2691 841 2695 ¹
