1747 2957
194 190 230 229 171
378 200 502 230 rnsrmomuu
515 201 529 229 1.
538 199 637 229 1011111111
699 245 700 248 ¹

98 298 182 328 Proceditur
193 297 268 343 spectat,
277 298 342 344 praeter
351 295 443 333 silentium
452 295 522 341 Ircnaei,
532 294 580 343 quod
588 294 670 343 proximo
680 294 738 343 capite
747 293 813 331 exami-

98 338 117 366 nd
122 338 187 366 testimo·

98 376 120 404 ns,
129 376 177 413 hujus·
193 355 276 392 nandum
286 360 324 403 est,
338 370 414 406 cumque
427 370 448 393 ea
462 360 500 392 tam
514 354 576 403 iniqua
590 367 610 390 ac
623 354 667 391 levis
680 355 709 401 sit,
723 359 744 391 ut
753 367 815 392 omnes

99 423 114 442 ee
124 414 155 442 vim
163 423 186 459 ve·
193 417 267 463 vident3
281 423 362 466 superest
370 423 391 455 ut
400 416 525 465 Polycarpiani
536 415 617 463 suffragii
629 416 685 453 robur
695 417 750 453 latius
759 415 815 463 expli-

98 460 169 517 diffisi?
169 453 186 479 h*
193 479 250 522 cetur,
268 477 384 524 omniumque
401 475 458 511 oculis
475 474 540 510 clarius
556 465 662 522 enponatur.
687 476 749 511 Primo
766 475 815 510 enirn

194 537 305 586 Polycarpns
318 550 356 574 non
365 540 438 572 tantum
449 539 527 572 testatur
540 535 631 584 scripsisse
644 536 711 585 aliquas
724 536 814 584 Epistolas

193 597 292 646 ignatium,
308 597 338 633 sed
352 596 443 644 significat
456 595 564 645 συναγωγὴν
575 598 698 646 Epistolarum
715 598 753 646 ejus
769 599 814 633 tunc

191 659 277 708 temporis
287 651 369 707 Smyrnae
378 670 396 694 se
404 671 442 707 prae
449 659 534 696 manibus
542 659 637 701 habuisse3
647 659 745 696 earundem
753 671 813 695 exem-

191 720 230 769 plar
238 719 323 768 Epistola}
332 731 368 756 suae
376 719 438 768 (qnam
446 719 520 757 aliunde
528 721 548 757 in
554 721 641 758 Ecclesiis
650 720 734 759 Asiaticis
744 720 814 769 publice

190 778 256 815 lectam
264 779 335 827 scimus)
348 791 366 815 se
375 779 472 828 subjecisse
480 780 543 826 tradit,
553 784 571 816 et
580 780 727 828 Philippensibus
737 780 813 825 misisse,

190 839 245 887 idque
261 839 342 888 ipsorum
357 843 434 887 rogatu3
448 840 511 888 quanti
526 853 555 876 eas
570 840 608 888 ipse
622 840 719 876 aestimaret
734 840 813 888 optimus

188 900 245 949 judex
253 900 338 947 ostendit,
348 913 412 949 easque
421 900 569 949 Philippensibus
577 900 683 937 utilissimas
694 901 733 937 fore
741 901 814 948 profite-

190 959 226 1008 tur,
235 964 254 998 et
262 962 322 1008 fidem,
330 962 445 1011 patientiam,
454 973 563 1010 omnemque
572 961 709 999 aedificationem
718 961 814 998 1111111111-

190 1035 235 1057 num
246 1023 368 1069 pertinentem
377 1023 470 1058 continere
479 1023 562 1057 affirmat.
589 1023 634 1057 Haec
643 1022 666 1057 de
674 1021 761 1068 Epistolis
769 1034 814 1067 quas

189 1082 228 1130 ipse
241 1083 314 1131 collegit
328 1087 347 1119 et
363 1083 411 1131 apud
428 1095 447 1119 se
462 1082 527 1119 habuit
546 1094 588 1118 cum
604 1085 682 1118 testetur
698 1081 813 1130 Polycarpus,

190 1143 264 1178 easdem
277 1143 352 1179 omnino
367 1157 409 1179 enm
425 1143 541 1187 intellexisse,
556 1141 599 1189 quas
614 1155 648 1177 nos
660 1142 754 1186 habemns,
771 1134 814 1188 quas

185 1206 234 1239 'ante
245 1215 278 1239 nos
290 1203 385 1248 Eusebius,
398 1202 514 1248 Athanasius,
527 1202 656 1248 Theodoretus,
670 1201 735 1249 aliique
746 1201 814 1254 habue-

186 1265 240 1308 runt,
251 1268 269 1299 et
283 1263 378 1308 contendo,
392 1267 410 1300 et
424 1266 485 1311 aperte
499 1262 611 1310 firmiterque
624 1262 686 1310 probo.
712 1262 750 1300 Aut
765 1262 815 1299 enim

193 1323 228 1359 ‘llae
235 1323 321 1371 Epistolae
329 1336 373 1371 quas
384 1323 484 1371 publicavit
496 1323 607 1371 Polycarpus
619 1324 648 1359 hae
656 1323 700 1371 ipsae
707 1322 761 1368 11111,
771 1336 814 1370 quas

192 1382 250 1417 nostri
262 1382 366 1427 defendunt,
381 1387 413 1417 aut
425 1383 499 1417 filerunt
512 1383 552 1417 alite
564 1386 582 1417 et
595 1383 617 1417 ab
630 1383 659 1417 his
672 1383 751 1418 diversae.
779 1383 814 1417 Sed

193 1442 238 1487 aliae,
247 1445 267 1479 et
278 1442 301 1479 ab
309 1442 338 1478 his
347 1442 421 1479 diversae
429 1454 467 1478 non
476 1442 556 1478 filerunt.
583 1442 681 1489 Reliquum
691 1442 748 1490 igitur
757 1446 814 1478 estut

193 1503 221 1539 hae
229 1502 273 1551 ipsae
282 1502 357 1539 fuerint.
377 1502 469 1550 Epistolas
478 1506 539 1538 autem
546 1515 590 1550 quas
598 1502 697 1550 publicavit
705 1502 814 1551 Polycarpus

192 1575 229 1600 non
242 1563 298 1600 fuisse
311 1562 358 1609 alias,
368 1565 387 1600 et
398 1562 420 1600 ab
429 1562 463 1608 his,
473 1575 517 1611 quas
525 1574 574 1599 nunc
585 1562 680 1605 habemus,
689 1562 774 1609 diversas,
788 1563 814 1599 sic

192 1624 273 1658 ostendo.
312 1637 313 1640 ¹
582 1661 585 1666 ,

100 1695 113 1726 s.
123 1695 176 1732 Ignatii
218 1685 237 1721 S.
245 1683 344 1732 Ignatium,
354 1683 386 1732 qui
399 1682 461 1731 paucis
473 1686 515 1731 post
528 1682 629 1720 §.romnis
641 1682 724 1731 Apostoli
736 1686 814 1720 mortem

100 1734 164 1770 dignitas
193 1744 246 1780 annis
256 1744 365 1793 martyrium
378 1746 439 1780 Romae
447 1743 495 1789 fecit,
508 1742 604 1792 Apostolos
618 1742 679 1791 ipsmn
692 1743 784 1790 audivisse,
796 1748 815 1780 et

99 1772 215 1841 dosiiiii'iiex
231 1804 260 1841 his
277 1803 379 1853 purissimis
394 1803 528 1841 Christianismi
548 1802 629 1840 fontibus
646 1803 747 1840 doctrinam
756 1816 815 1840 suam

100 1848 185 1923 ffigffiffi'
190 1865 273 1902 ‘hausisse
282 1868 366 1901 constat
384 1865 427 1901 Huc
439 1864 507 1901 accedit
520 1863 586 1901 eximia
594 1863 635 1900 Viri
641 1863 729 1911 dignitas,
738 1865 769 1912 qui
777 1877 815 1901 non

100 1925 118 1969 la
124 1925 155 1969 ejus
164 1933 187 1953 ex·
193 1926 247 1963 modo
255 1926 384 1974 Apostolorum
393 1925 495 1973 discipulus,
508 1925 540 1962 sed
551 1937 614 1961 eorum
624 1924 698 1973 insuper
709 1925 777 1973 judicio
789 1926 815 1962 sic

99 1964 186 2029 Ispprseseqqn
193 1986 279 2034 probatus
288 1986 317 2032 sit,
325 1989 347 2023 nt
356 1985 479 2031 Antiochense,
488 1985 508 2022 id
516 1989 548 2031 est,
556 1984 638 2022 omnium
647 1997 686 2033 quae
695 1985 743 2034 apud
751 1989 814 2034 gentes

99 2038 183 2074 potuissent
194 2049 246 2081 erant
253 2046 376 2081 Eeclesiamm
385 2045 521 2092 antiquissimae,
531 2045 554 2082 ad
559 2046 598 2082 haee
604 2045 627 2082 ob
634 2045 712 2082 civitatis
720 2046 741 2082 in
749 2047 814 2083 saeculo

195 2105 333 2154 amplitudinem
346 2109 400 2153 atque
413 2105 537 2153 praestantiam
554 2105 677 2152 nobilissima,
693 2107 760 2155 pratici
776 2119 815 2144 nne-

193 2166 268 2203 ruerit'
284 2165 332 2204 Quid
345 2166 384 2213 ejus
400 2168 491 2212 pestremo
504 2165 612 2213 martyrium
627 2166 692 2211 dicam,
709 2180 745 2214 quo
761 2180 815 2214 opere

188 2225 241 2262 nihil
248 2237 330 2274 unquam
342 2224 391 2273 apud
402 2227 474 2260 nostros
483 2224 599 2260 excellentius
608 2228 639 2260 aut
650 2225 754 2273 praeclarius
762 2226 813 2263 habi-

193 2288 234 2322 tum
246 2285 302 2321 tuisse
314 2284 395 2321 scimus?
422 2284 483 2332 Hujus
495 2295 538 2330 crgo
549 2284 597 2319 tanti
609 2295 630 2319 ac
639 2284 681 2320 talis
690 2284 735 2329 Viri,
749 2285 768 2320 in
780 2298 815 2333 quo

193 2359 265 2382 summa
273 2345 334 2382 omnia
339 2347 396 2389 erant,
406 2343 421 2379 si
430 2343 469 2379 aliae
477 2343 559 2388 11111111,
569 2356 624 2391 quam
632 2357 672 2391 quae
680 2357 729 2380 nunc
738 2345 814 2381 circum-

192 2406 276 2444 feruntur
289 2404 387 2454 Epistola,
397 2416 427 2441 eas
442 2403 481 2452 jam
495 2403 517 2440 ab
530 2403 567 2440 illis
580 2403 697 2452 temporibus,
712 2405 814 2454 saeculisque

192 2468 274 2517 proxime
286 2466 403 2516 sequentibus
412 2465 537 2503 celebenimas
549 2464 604 2502 fuisse
616 2477 690 2502 necesse
702 2470 734 2513 est,
744 2470 762 2503 et
774 2472 814 2516 post

193 2529 322 2577 Apostolorum
334 2528 421 2576 ipsorum,
435 2530 453 2564 et
463 2526 568 2573 Clementis,
583 2526 599 2562 si
613 2526 665 2572 forte,
680 2527 746 2575 scripta
759 2528 814 2577 longe

192 2589 318 2626 nobilissimas.
345 2589 382 2625 Sed
395 2601 424 2625 eas
438 2590 503 2637 praeter
514 2586 704 2633 Auctorismeritum,
716 2588 775 2637 ipsum
786 2589 815 2625 111-

193 2650 246 2699 super
256 2654 334 2699 tempus,
344 2650 379 2698 qno
388 2649 435 2686 datae
445 2661 484 2701 esse
493 2648 583 2693 dicuntur,
597 2660 652 2696 supra
663 2649 737 2687 modum
748 2650 814 2687 nobili-
