1679 2935
129 191 172 230 xxvi
352 204 436 243 neironis
447 203 539 231 PRAEFA‘PIO

130 297 250 344 mysticcfiera'
259 300 332 344 oportet,
339 300 361 333 ut
369 297 530 345 pcrIntcrpretcm
537 294 641 332 Theodotus
646 293 755 343 Aucyranus

132 356 154 395 dc
163 357 308 404 meai-natione&
319 348 367 406 duod
380 357 448 404 Graece,
462 357 568 406 opinonem
580 352 690 406 πραχθῆναι·
702 354 756 403 piane
809 386 811 390 Α

107 450 110 456 s
131 418 178 456 mibi
194 432 232 456 non
249 422 320 456 constat
337 419 384 460 ratio
400 418 503 466 negationis
508 433 513 462 ;
531 430 565 453 nco
582 418 634 464 plura
650 416 670 451 iu
686 416 756 452 Graecia

132 478 199 516 vidisse
212 479 320 516 crediderim
333 479 411 516 Oriticos'
423 479 524 525 hodiernos,
535 491 588 526 οταν]
602 477 686 515 viderunt
698 477 756 513 Eusc-

133 540 179 585 hius,
196 540 284 586 Andreas,
302 544 321 577 et
344 540 455 586 Timotheus,
473 543 527 589 atque
544 539 655 587 Interpi‘etes
671 537 755 583 Latinus,

134 600 238 647 Armenius,
252 605 270 638 et
282 602 321 650 ipse
333 601 364 637 bic
378 602 439 650 Syrus,
453 614 506 651 quem
520 599 661 640 suisblauditiis
674 603 756 636 enecant.

134 663 226 700 Dominus
237 663 287 699 enim
297 663 371 709 Noster,
381 663 435 700 Jcsus
447 663 536 709 Christus,
545 666 566 699 ut
577 675 618 700 cum
629 662 757 710 Chrysostomo

134 724 202 772 loquar,
212 722 232 760 ον’
240 722 294 770 μόνον
302 722 326 760 τὰ
334 721 364 759 διὰ
372 724 408 760 τῶν
415 722 501 772 ῥημάτων
508 723 605 773 μυστήρια,
614 721 665 760 ἄλλα
672 720 703 759 καὶ
711 720 757 759 αὐτοὶ

134 786 192 820 ταῦτα
201 781 230 819 ded
239 784 274 819 τῶν
283 782 339 832 ἔργον
347 781 390 829 ἡμῖν
398 782 503 833 ἐχαρίσατο
520 784 550 831 (In
559 787 568 820 1
579 785 620 820 Cor.
630 784 685 820 Hom.
693 782 729 830 vii.)
740 787 758 819 et

135 843 204 891 aliquid
212 843 270 891 majus
278 842 406 891 predicatione
415 847 443 880 cst
451 843 514 881 Divini
519 843 576 881 Verbi
584 844 697 891 mysterium.
716 843 759 880 Πᾶν

134 901 177 951 crept
184 903 267 951 Χριστοῦ
279 901 382 948 λογόμενον,
394 903 419 939 ait
432 903 503 940 Auctor
512 904 575 950 Vetus,
588 902 621 941 oda
632 902 683 941 ἔστιν
696 903 759 944 ἁπλῶς

134 961 222 1013 κήρυγμα,
239 960 290 999 ἀλλὰ
306 960 400 1015 εὐσεβείας
414 962 519 1014 μυστήριον·
538 965 592 1000 ardua
605 962 616 1012 ἡ
632 965 663 1001 τοῦ
676 957 759 1014 Χριστοῦ

135 1023 227 1071 οἰκονομία
239 1022 339 1073 μυστήριον
352 1022 462 1071 ὀνομάζεταν
476 1024 496 1061 τὸ
510 1023 529 1060 δὲ
543 1023 643 1074 μυστήριον
657 1022 690 1060 οὐκ
703 1024 722 1061 ἐν
734 1025 760 1074 τῷ

135 1082 231 1134 τρρέμματν
239 1083 328 1133 φαίνετον,
334 1083 376 1120 ἀλλ’
383 1083 401 1120 ἐν
410 1086 435 1134 τῷ
443 1082 539 1135 πράγματι
546 1083 658 1136 κηρύττεται.
670 1085 759 1133 (Appeml.

136 1146 157 1182 in
168 1146 291 1193 Chrysostom.
303 1145 340 1181 viii.
350 1145 399 1192 886.)
426 1146 452 1182 At
465 1145 484 1182 ἐν
499 1147 524 1194 τῷ
537 1144 632 1195 τρανγματο
648 1145 760 1196 κηρυχθῆναι

138 1206 182 1254 quid
191 1205 214 1256 sit
223 1205 268 1242 scire
276 1205 336 1250 velim,
344 1205 381 1241 nisi
393 1204 507 1256 τραχθῆναι;

162 1266 285 1303 Proculdnbio
296 1265 393 1302 temeraria
401 1265 440 1302 lucc
454 1266 545 1312 correctio,
559 1269 577 1303 et
587 1266 654 1315 pariter
666 1266 762 1304 temeraria

138 1328 217 1375 negatio,
231 1339 252 1363 cn
266 1326 372 1363 necessitate
385 1327 412 1363 rei
425 1330 483 1363 enatee
497 1332 545 1372 suut,
557 1327 607 1364 Viris
620 1328 648 1363 bis
660 1327 761 1375 insignibus

138 1387 211 1425 mitium
227 1387 323 1424 discrimen
336 1385 481 1434 formidantibus,
497 1388 512 1424 si
528 1388 582 1425 modo
599 1387 699 1436 ignatium,
714 1388 762 1425 hier-

139 1448 205 1486 archiae
214 1460 268 1496 quam
275 1460 313 1484 non
322 1451 384 1484 amant
394 1451 507 1494 assertorem,
519 1448 630 1485 brevissimis
638 1448 667 1490 bis
676 1448 762 1497 Epistolis

140 1509 246 1547 conclusum
253 1520 316 1546 rocem
325 1509 408 1556 exiguam
420 1508 489 1545 frustra
501 1509 584 1546 attollere
593 1510 690 1557 coegerint.
717 1510 763 1546 Haec

139 1569 227 1620 mysteria
237 1569 326 1617 stipenda
335 1582 346 1605 α
354 1570 410 1615 steila,
421 1569 457 1606 sive
466 1569 514 1617 ομνια
525 1570 599 1615 stellam,
609 1570 664 1607 fuisse
673 1570 732 1617 sacta,
741 1574 763 1607 ut

140 1636 168 1669 cst
177 1631 224 1680 apud
232 1630 382 1679 Epitomatorem,
393 1634 441 1674 certe
449 1643 504 1667 nemo
513 1643 567 1667 sonus
576 1630 641 1667 dixerit
646 1646 651 1676 ;
661 1632 763 1678 ρνόιίοοαία

139 1692 200 1737 fuisse,
210 1691 225 1727 si
234 1690 273 1739 quis
282 1703 324 1727 omn
333 1690 405 1727 Critieis
418 1690 488 1736 dixerit,
497 1695 572 1727 nonest
581 1692 655 1728 omnino
668 1691 762 1729 absonum.

139 1753 166 1790 At
173 1751 265 1801 mysteria,
272 1752 410 1800 praesignificata
417 1764 450 1799 per
458 1752 536 1797 steiiam,
544 1753 599 1788 aDco
606 1752 629 1788 ad
635 1752 763 1800 perfectionem

139 1815 195 1851 fnisse
204 1813 263 1858 ducta,
274 1813 322 1860 quud
329 1812 364 1849 boe
372 1813 412 1848 ioco
424 1817 443 1848 ct
455 1816 541 1848 contestu
550 1812 603 1848 docet
611 1825 664 1848 verus
672 1811 763 1860 ignatius,

140 1878 159 1911 et
167 1873 212 1910 fidos
221 1871 326 1910 Christiana
334 1876 353 1908 et
361 1872 409 1910 idtio
417 1875 525 1920 agnoscunt.
806 1866 807 1869 ¹

166 1931 595 1979 Pearsonimanesnoulaedampinrarccitando.
608 1932 764 1981 Nouncgoissum

143 1994 208 2031 securo
217 1993 286 2029 decimo
300 1993 381 2041 septimo,
389 1996 444 2041 prout
456 1993 517 2040 Eques
525 1992 605 2030 Iltustris
618 2005 651 2030 nos
664 1993 764 2040 admoneri,

143 2057 208 2092 netum
216 2053 277 2098 fnisse,
286 2052 350 2090 studiis
359 2052 419 2089 sreculi
427 2053 492 2090 decimi
500 2053 572 2102 septimi
578 2053 685 2090 enutritum.
710 2054 765 2092 Vivat

144 2116 178 2153 Vir
186 2114 272 2161 Insignis,
281 2114 345 2150 studiis
354 2114 423 2159 floreat,
430 2114 446 2150 si
453 2115 492 2151 Dec
500 2114 565 2163 placet,
575 2114 652 2160 serioris,
660 2127 695 2152 nee
702 2119 766 2152 tamen

144 2175 237 2223 sequioris,
246 2174 289 2211 reri:
303 2174 366 2210 sivero
374 2178 438 2211 nactus
447 2174 502 2211 fuerit
509 2174 558 2212 unde
566 2174 668 2211 certamem
674 2174 766 2219 Francisei

143 2238 207 2274 Bacon
215 2234 235 2271 in
244 2233 287 2271 orbe
296 2233 432 2282 disciplinarum
440 2240 541 2284 essuperet,
550 2249 588 2273 non
598 2235 640 2272 ideo
650 2235 685 2271 sibi
692 2239 766 2272 tantum

144 2298 233 2334 bonorem
248 2307 359 2344 comparasse
374 2295 477 2343 arbitretur,
494 2297 542 2345 quod
555 2296 626 2334 decnno
643 2289 692 2334 nono
706 2297 766 2345 potius

145 2370 200 2407 quam
209 2356 278 2394 decimo
287 2356 362 2404 septimo
375 2357 440 2394 saeculo
452 2358 505 2394 terris
514 2361 617 2395 ostentatus
626 2362 659 2395 cst.
684 2358 739 2396 Vivet
748 2363 767 2396 et

144 2417 292 2467 ingeniosusille
306 2417 407 2467 Presbyter,
420 2418 451 2466 qui
465 2417 536 2469 ἐναρτρὲτ
549 2417 650 2469 μυστήριον
664 2419 732 2467 primus
745 2434 766 2458 ex

145 2478 218 2529 proprio
228 2490 276 2527 penu
287 2482 399 2515 commentus
411 2483 448 2525 est,
462 2480 494 2517 scd
507 2483 525 2516 et
537 2479 642 2517 meminerit
654 2479 766 2529 cognominis

146 2541 189 2579 olim
203 2540 236 2584 sui,
253 2538 355 2587 Presbyteri
368 2540 445 2587 Leporii,
461 2540 493 2588 qui
509 2540 556 2577 maie
571 2553 590 2577 se
608 2540 665 2588 egisse
682 2541 767 2589 sentiens,

283 2633 290 2646 Χ
299 2627 325 2656 ud.
333 2628 406 2658 (tcuibcfis.
413 2638 434 2666 dp.
442 2629 508 2659 Gutlondi
515 2631 577 2660 Bibbix.
585 2632 616 2662 470,

283 2672 289 2690 ν·
299 2666 364 2703 ignatius
370 2676 397 2696 rou
404 2668 495 2705 Auticcbieu,
502 2679 515 2706 p,
523 2671 544 2698 69<
