1747 2957
170 196 207 234 292
359 208 486 236 ausoniorum
498 207 604 236 nnolrrrun

173 296 252 346 Scythiae
267 297 379 335 Christianos
392 298 448 336 fuisse
458 299 491 336 snb
501 298 584 342 Valente,
597 308 651 345 quam
663 295 736 333 fuerant
750 299 798 333 aute

172 359 255 406 tempora
263 358 353 396 Demetrii
360 359 380 396 in
389 359 497 409 AEgyptiaea
505 357 590 396 Dioecesi.
614 356 662 394 Cum
670 356 719 393 enim
724 356 793 393 Valens

172 417 306 456 Vetranionem
322 421 433 469 Episcopum
451 421 471 456 in
490 420 564 455 exilium
583 418 648 454 abduci
662 418 752 466 jussisset,
770 416 792 453 ab

173 477 258 516 instituto
272 480 347 525 destitit,
360 493 384 517 ne
400 484 440 517 tota
456 480 488 516 illa
503 478 595 526 prouincia
608 477 697 525 Episcopo
712 476 794 525 subjecta

174 538 293 575 defectionem
308 540 407 576 moliretur.
434 539 483 576 Huic
496 538 610 584 Vetranioni,
626 537 694 586 opinor,
709 536 794 573 suecessit
829 557 831 560 ν

174 598 285 645 Theotimus,
296 603 307 619 ‘¹
314 600 393 647 Scythiae
401 601 500 637 Tomorunr
507 599 625 648 Episcopus’'
635 598 666 647 qui
674 599 686 617 “
692 597 712 634 in
724 609 794 633 morem

175 659 292 707 Dialogorum
310 664 328 695 et
344 660 409 697 ueteris
431 661 538 709 eloquentiae
559 661 622 698 breves
643 658 794 706 commaticosque

174 722 262 763 tractatus
271 719 333 766 edidit,
340 717 413 769 ¹aliaque
424 721 514 768 scripsit,'²
523 726 545 758 nt
553 722 634 770 loquitur
643 722 766 768 Hieronymus
774 719 795 755 in

174 778 267 825 (latalogo.
293 779 330 815 Hie
346 783 408 815 autem
426 781 444 815 S.
459 781 589 826 Chrysostomo
609 781 688 816 manime
708 779 758 823 faint,
776 782 795 814 et

173 836 275 885 Epiphanio
284 838 387 875 adversatus
396 841 428 884 est,
437 838 485 887 quod
491 838 575 887 Origenis
584 838 651 886 scripta
660 839 794 883 condemnaret,

174 898 226 945 eujus
238 898 293 934 libros
304 899 342 946 ipse
353 898 533 944 studiosedefendit3
547 898 596 934 unde
605 897 706 945 colligimus
714 910 756 933 eum
764 897 796 933 illa

173 958 274 1004 prasertim
286 961 340 995 aetate
352 958 447 1006 ignatium
459 957 529 995 nescire
540 971 579 994 non
590 957 675 1006 potuisse,
684 958 727 995 lieet
739 961 796 994 tantae

119 1059 121 1062 ‚
174 1018 270 1064 provinciae
278 1020 342 1054 rmicus
351 1020 451 1066 Episcopus
459 1022 549 1066 praeesset.

199 1078 307 1127 Respondeo
316 1079 401 1125 seeundo,
410 1079 524 1120 historiolam
536 1078 586 1120 illam
599 1079 621 1115 de
634 1078 692 1116 tribus
701 1078 800 1126 Episcopis

175 1137 287 1175 eDemctrio
300 1138 378 1187 primum
391 1139 411 1174 in
423 1139 503 1187 Algyptc
516 1138 569 1174 factis
582 1138 658 1174 minime
670 1138 707 1174 tide
721 1137 796 1186 dignam

83 1206 166 1252 Eutychum,
176 1210 219 1244 esse,
228 1199 264 1245 sive
273 1202 371 1244 auctorem,
379 1199 414 1235 sire
423 1212 462 1236 rem
469 1199 527 1247 ipsam
535 1202 610 1246 spectes.
629 1199 701 1235 Primus
709 1199 796 1236 mirabilis

83 1244 136 1310 Sffi
175 1252 230 1307 liujus
243 1259 352 1295 narrationis
366 1263 428 1296 auctor
442 1263 470 1295 est
483 1259 589 1307 Eutyelrius,
604 1258 709 1296 Patriarcha
723 1259 796 1307 quidem

83 1320 148 1356 scriptor,
176 1318 317 1364 Alexandrinus,
333 1319 364 1355 sed
380 1319 434 1355 nimis
451 1318 473 1355 ab
487 1318 592 1365 Originibus
605 1318 654 1354 illius
668 1319 754 1355 Ecclesiae
767 1331 796 1355 re-

83 1365 143 1423 ffiffl,
177 1381 243 1423 motus,
252 1382 316 1426 utpote
330 1378 395 1414 decimi
407 1378 468 1414 saeculi
481 1378 566 1425 scriptor:
580 1377 710 1414 Mclchitarurn
723 1378 796 1425 quidem

83 1434 136 1468 auctor,
177 1437 282 1486 Episcopus,
300 1437 332 1475 sed
349 1450 384 1485 quo
401 1437 459 1474 multo
476 1437 534 1485 major
549 1437 585 1474 fnit
601 1437 716 1475 Alexandriae
733 1438 797 1474 eodem

175 1501 256 1546 tempore
265 1498 277 1533 J
278 1498 390 1534 aeobitarum
398 1498 497 1546 Episcopus
506 1498 604 1543 Macarius,
613 1501 632 1534 et
644 1498 675 1534 eui
687 1498 742 1534 etiem
755 1511 797 1535 eum
827 1545 829 1549 .

175 1558 241 1606 populo
256 1570 294 1603 suo,
308 1551 402 1595 Melchitis
419 1557 494 1606 inquam
509 1557 573 1606 quibus
587 1557 664 1606 praefuit,
680 1558 759 1596 maxima
768 1559 796 1608 si-

175 1619 243 1653 multas
255 1618 297 1653 fuit.
322 1619 353 1653 Ita
361 1618 410 1653 enim
419 1618 441 1653 dc
449 1618 484 1653 hoc
493 1618 584 1665 Eutychio
597 1618 678 1665 loquitur
685 1619 796 1670 Elmaeinns.

123 1708 124 1711 ,
175 1677 234 1725 fflp'as
247 1681 323 1725 teramnae
338 1678 394 1714 nialla
407 1676 483 1724 ficerunt
498 1677 579 1723 dissidia,
593 1681 610 1714 ct
625 1675 798 1714 aoaita'aearaaataa

175 1737 222 1774 later
236 1738 294 1784 basum
309 1741 326 1774 ct
338 1739 423 1785 populana
436 1738 476 1784 'ejus
483 1736 494 1773 1.
521 1737 575 1775 Quod
592 1737 647 1773 etiam
663 1742 741 1774 testatur
754 1739 801 1777 Ebn.

176 1797 213 1834 Abi
226 1797 308 1835 Osaibaae
319 1798 393 1835 inVita
404 1798 513 1846 Eutychiiffl.
539 1798 567 1834 Ut
581 1801 642 1834 autem
655 1798 742 1846 majorem
754 1798 798 1835 huic

175 1857 254 1895 Arabico
271 1858 354 1906 scriptori
369 1858 425 1894 fidem
441 1857 525 1894 eoneiliet
543 1857 636 1901 Seldenus,
654 1857 796 1906 “mihisaneJ’

175 1915 241 1965 inquit,
251 1920 262 1937 “
267 1917 368 1966 Entychius
376 1917 396 1953 in
404 1917 453 1954 hisee
462 1921 489 1953 est
497 1916 553 1954 veluti
561 1916 612 1953 Beda
619 1916 673 1965 plane
681 1917 797 1964 AEgyptfflsj'

84 1981 170 2026 necdignus
177 1980 195 2013 et
203 1989 274 2022 rursus,
282 1977 380 2014 “Annales
389 1977 428 2026 ejus
435 1977 479 2026 ipsis
487 1977 574 2014 Ecclesiae
582 1976 712 2014 Alexandrinae
721 1976 798 2014 archivis

84 2028 161 2087 fflffi„
177 2037 255 2084 plurima
267 2038 331 2075 debere
342 2038 403 2075 nullus
416 2031 499 2075 dubitor
525 2038 573 2075 Satis
585 2038 658 2085 qraidem
667 2037 763 2085 magnifice
775 2038 798 2075 de

84 2096 107 2124 l1⁰
116 2103 171 2132 00111P³r
178 2097 268 2145 Eutychio
283 2101 302 2133 et
316 2097 417 2134 Annalibus
431 2098 469 2146 ejus
483 2099 522 2134 haec
535 2098 584 2134 dicta
597 2101 650 2143 sunt,-
664 2098 696 2135 sed
709 2098 748 2135 sine
761 2098 798 2135 ulla

83 2134 127 2162 mun
177 2156 260 2193 veritatis
273 2155 337 2203 speeie.
362 2155 421 2192 Arabs
434 2156 482 2192 euim
495 2156 526 2192 ille
539 2168 577 2193 non
589 2160 662 2193 tantum
673 2158 724 2194 Beda
736 2161 798 2195 nostro

178 2215 232 2262 longe
238 2214 300 2263 junior
308 2213 349 2260 fnit,
359 2218 377 2250 et
387 2214 408 2250 ab
418 2214 524 2261 Originibus
533 2215 619 2251 Ecclesiae
626 2215 718 2260 remotior,
729 2216 798 2263 (utpote

178 2274 210 2322 qui
222 2277 276 2311 natus
290 2274 313 2310 sit
325 2282 362 2310 AD.
374 2274 416 2318 876,
430 2286 472 2310 cnm
484 2273 549 2310 natalis
562 2273 617 2310 Bedae
630 2273 668 2310 dies
680 2274 702 2310 ad
714 2283 749 2311 AD.
762 2277 798 2313 673

176 2336 271 2380 referatur,
284 2339 306 2372 ut
319 2335 371 2372 annis
384 2327 466 2384 pluribus
481 2347 535 2384 quam
548 2335 632 2372 ducentis
645 2338 707 2371 noster
719 2337 799 2384 superior

177 2394 274 2443 appareat]
284 2394 315 2432 sed
329 2394 384 2431 etiarn
398 2394 421 2431 ad
435 2394 552 2443 antiquitates
565 2394 650 2432 Ecclesiae
661 2408 698 2432 suae
709 2396 798 2433 eruendas

194 2498 198 2517 ¹
213 2499 239 2528 Ed.
246 2499 309 2536 Erpenii,
319 2508 333 2536 p.
340 2501 371 2529 208.
500 2500 519 2529 ad
526 2499 616 2536 Eutychium.
626 2499 649 2529 lbi
656 2500 722 2536 letheus,
729 2500 799 2530 “Accidit

195 2542 204 2554 ¹¹¹
214 2537 265 2565 Vitam
281 2537 321 2565 Sardi
334 2538 367 2565 Ebu
382 2538 434 2572 Betrie,
446 2538 476 2566 sive
500 2540 564 2574 tempore
570 2538 615 2574 ipsius
622 2537 698 2566 dissidium
704 2546 777 2574 magnum,
784 2541 799 2567 et

177 2573 248 2611 Eutychii,
258 2575 278 2604 fil.
288 2575 351 2611 Patrieii,
361 2584 379 2604 ex
386 2575 424 2605 Hist.
431 2575 476 2604 Medi·
500 2575 518 2604 lis
528 2576 596 2605 continua
606 2575 644 2605 inter
657 2576 704 2613 ipsum
715 2578 730 2604 et
740 2585 798 2613 gregem

177 2621 225 2641 eorum
235 2622 261 2649 per
270 2613 304 2641 Ebu
315 2613 344 2641 Abi
356 2612 424 2648 Osaibaaa,
436 2613 476 2641 dedit
500 2614 554 2641 sunm?y

177 2650 267 2679 doctissimus
274 2650 309 2680 Edu
314 2651 374 2679 Pococlr.
379 2651 395 2679 iu
402 2651 426 2680 fin.
433 2651 474 2680 rret
