1747 2957
169 188 206 225 296
358 198 484 227 iincuimoron
497 200 603 227 ricimirum

170 284 236 333 inquit,
243 286 536 332 sorduitDcrrrotriosPotrioroto
543 286 676 322 Alecoodrc'ocs
685 284 708 320 od
715 283 791 320 Gradiuum

171 345 279 394 Episcopum
292 347 476 396 Hierosolymocritiae,
491 350 592 385 Muciorum
608 348 735 383 Potrioreiicoz
751 345 790 381 Ari-

172 409 270 445 tiocdeoum
286 413 303 445 et
323 409 410 446 Victorem
427 410 553 446 Poiriorcdom
568 409 667 444 Romanum
684 407 705 443 dc
721 407 791 443 rationo

171 469 248 514 coarmati
264 469 359 504 roseriam
376 474 392 504 et
404 469 470 516 jcjzorii
486 469 631 513 Christianorum,
649 471 666 503 ei
680 466 764 514 qccorcdc
779 477 791 501 c

171 528 261 565 Poscdote
281 529 381 565 diocorum
402 530 504 567 desiccatur.
529 529 555 566 At
576 528 655 566 Gubium
675 527 715 575 ipse
734 525 791 562 tradit

172 588 242 625 decimo
253 588 329 638 septimo
341 589 412 626 Aurelii
425 602 472 629 rinno
481 582 613 640 Hierosolymis
621 588 731 638 Episcopum
741 598 791 632 crea-

172 653 211 686 tum
220 653 257 686 tres
265 653 339 686 tantum
351 663 409 693 uirnos
421 652 496 688 sedisse:
511 655 542 688 aut
555 651 611 700 igitur
625 650 658 687 sub
670 651 707 686 fine
720 647 792 697 imperii

172 709 248 754 Aurelii,
266 712 298 744 out
317 709 350 745 snb
367 710 420 746 initio
436 711 498 747 statim
516 711 611 748 Commodi
628 711 693 759 scripta
710 712 736 747 est
753 709 792 745 liaeo

172 768 258 816 Epistola.
271 793 272 797 =
285 769 326 805 (tuo
337 773 424 816 tempore,
433 782 467 806 nee
476 771 580 806 Demetrius
589 771 703 806 Alexandriae
714 769 792 817 praefuit,

172 827 204 863 sed
213 828 302 872 Julianus,
311 841 346 864 nee
354 827 419 865 Victor
428 829 496 874 Romae,
506 829 538 864 sed
546 830 661 865 Eleutheros.
688 830 742 865 Certe
751 840 793 865 eum

172 888 259 937 Epistola*
273 901 295 925 ex
309 889 384 926 Oriente
398 889 421 926 ad
434 889 528 926 Victorem
544 889 566 925 de
581 888 687 926 celebrando
704 889 793 926 Paselmte

147 957 148 962 ’
172 948 233 986 missae
255 952 303 994 sunt,
325 949 422 986 Narcissus
443 950 611 998 Hierosolymorum
627 949 727 998 Episcopus
744 949 793 995 fuit;

173 1009 221 1046 inter
230 1010 322 1046 (isaianum
333 1015 400 1054 autem,
412 1023 466 1056 quem
475 1010 555 1046 Gabinm
568 1010 646 1056 appellat
656 1010 763 1056 Eutychiae,
776 1014 794 1045 et

117 1068 119 1071 ’
173 1068 473 1114 Nareissnm,nouenrPatriarchae
482 1068 615 1117 Hierosolymis
624 1068 715 1106 sederunt.
728 1068 795 1116 Neque

174 1141 216 1165 vero
230 1129 268 1166 ulla
281 1133 340 1166 exstat
351 1130 439 1167 memorio
451 1129 523 1178 scriptae
536 1127 560 1166 ad
570 1127 664 1165 Victorem
678 1142 689 1165 a
700 1129 794 1166 Demetrio

174 1190 261 1238 Epistolae
266 1206 271 1235 5
284 1191 368 1239 Episcopi
376 1194 449 1227 tontum
457 1184 558 1227 Palaestinae
570 1189 652 1226 indicant
662 1189 795 1226 Alexandrinos

172 1251 238 1287 'seeum
250 1250 271 1287 in
282 1250 311 1287 die
319 1251 413 1288 Pasclratis
422 1250 534 1288 observando
547 1250 653 1295 consentire,
665 1249 720 1298 idque
733 1254 795 1298 patere

177 1323 199 1346 ex
206 1311 264 1347 literis
273 1311 296 1347 ad
304 1324 323 1347 se
331 1311 408 1348 inuicem
415 1311 480 1355 missis,
487 1311 538 1347 nullo
544 1310 635 1348 Demetrii
640 1310 733 1347 mentione
741 1310 795 1348 facto.

178 1371 224 1408 Qum
237 1371 282 1406 dixit
296 1371 352 1418 igitur
367 1371 389 1407 de
404 1372 498 1407 Demetrio
511 1370 618 1417 Eutychiae,
633 1382 654 1404 ex
669 1369 746 1405 arehiiis
760 1371 796 1407 Ec-

178 1429 235 1466 clesiae
248 1430 376 1468 Alexandrinae
389 1443 427 1468 non
444 1431 519 1474 habrum
537 1430 630 1467 videamus
644 1442 668 1466 an
683 1429 760 1466 certiora
774 1430 796 1466 de

177 1490 286 1535 Alexandro,
306 1490 340 1527 snb
359 1503 394 1539 quo
410 1494 490 1527 veterem
505 1490 655 1527 consuetudinem
672 1489 747 1527 desiisse
764 1491 795 1536 ait,

176 1550 242 1587 tradat.
267 1550 375 1597 Alcocodcr,
386 1551 452 1599 inquit,
462 1551 553 1588 Aedilium
566 1552 632 1588 sociator
644 1553 699 1596 sudor,
714 1552 744 1598 pai
756 1555 797 1588 trote

176 1613 234 1659 disum
242 1612 351 1648 Pari-torma
362 1611 431 1658 firmem,
443 1612 464 1647 de
475 1613 535 1658 prodo
543 1612 666 1647 Potr'iorclioli
678 1611 746 1657 dejecit,
756 1613 797 1658 quio

176 1671 222 1706 Ario
239 1674 307 1718 recepto
325 1675 386 1707 ooctrc
402 1672 454 1708 Petri
470 1672 590 1707 Alecorrdriui
606 1669 796 1717 rooodotcm'fccerot.

178 1732 225 1768 Cum
238 1731 277 1779 ipse
291 1734 345 1768 antea
360 1736 456 1775 narrasset,
470 1731 567 1777 Achillam,
581 1735 677 1780 postquam
695 1742 724 1767 sen
741 1742 797 1768 anuos

177 1791 253 1836 sederat,
267 1795 360 1827 mortuum
373 1791 434 1828 fuisse.
462 1791 558 1828 Quomodo
572 1791 628 1838 igitur
642 1791 665 1826 ad
680 1790 735 1826 finem
750 1791 798 1827 Cou-

177 1850 214 1887 cilii
226 1851 299 1896 Nieeni,
308 1851 412 1888 Alexander
425 1863 467 1888 enm
481 1852 503 1887 de
516 1851 574 1898 gradu
586 1850 706 1887 Patriarchali
720 1850 797 1899 dejicere

167 1911 251 1957 potuit?
277 1911 353 1958 Decepit
363 1923 412 1956 eum,v
419 1914 440 1946 ut
449 1911 519 1958 opinor,
528 1911 608 1946 nominis
620 1910 726 1946 similitudo.
751 1911 797 1946 Erat

178 1970 226 2006 eiiim
241 1970 322 2007 Achillas
340 1970 413 2018 quidam
430 1969 529 2019 presbyter,
544 1970 589 2006 Ario
606 1970 727 2016 consentiens,
742 1983 796 2018 quem

178 2029 232 2066 simul
240 2043 281 2065 eum
289 2030 334 2067 Ario
347 2031 509 2068 excommunicarit
518 2031 625 2068 Alexander.
651 2030 695 2067 Non
704 2034 732 2067 est
739 2031 796 2078 igitur

178 2089 223 2125 adeo
234 2089 271 2125 fide
284 2089 350 2136 dignus
360 2090 467 2137 Eutychins,
476 2093 497 2126 ut
510 2091 527 2127 ei
539 2094 570 2127 orit
581 2090 620 2136 soli,
629 2094 661 2127 aut
670 2090 729 2139 primo
742 2091 797 2139 liujus

177 2148 258 2185 historice
266 2149 355 2184 conditori
364 2150 463 2184 credamus.

85 2216 153 2261 Eutyche
203 2207 311 2256 Respondes
319 2207 379 2252 tertio,
388 2208 442 2255 plane
449 2208 555 2244 incredibile
564 2220 607 2252 esse,
616 2211 637 2244 ut
646 2209 706 2245 nullus
715 2209 799 2245 fueritin

84 2255 146 2281 mm
177 2271 217 2304 tota
229 2268 310 2316 AEgypto
323 2266 423 2315 Episcopus
438 2270 503 2314 praeter
519 2267 576 2303 solum
590 2267 740 2313 Alexanmrnum,
755 2273 798 2306 ante

84 2293 267 2374 iiiiiEEisDemet12ij
279 2328 435 2371 Patriorehotum3
450 2330 468 2363 et
480 2327 597 2363 assertionem
610 2329 718 2364 conum-iam
731 2342 753 2366 ex
766 2342 797 2378 op-

83 2366 148 2432 fflfflae
176 2388 226 2424 timis
238 2388 318 2424 historiae
330 2387 454 2424 monumentis
468 2387 588 2424 demonstrari
601 2401 658 2436 posse.
685 2389 756 2437 Scripta
770 2394 798 2427 est

83 2442 140 2471 mentis
176 2448 258 2503 Epistola
270 2448 293 2483 ab
307 2448 402 2490 Hadriano
416 2448 529 2495 Imperatore
542 2448 564 2483 ad
579 2448 685 2484 Servianum
698 2449 797 2485 Consulem

176 2507 224 2544 eirca
238 2514 275 2543 li).
291 2507 333 2556 132,
347 2506 441 2553 sexaginta
454 2506 511 2543 ferme
526 2508 578 2543 amris
590 2511 687 2555 antequam
700 2508 759 2544 iaetus
770 2513 798 2546 est

176 2566 282 2603 Patrimcha
295 2566 409 2604 Demetrius:
429 2566 528 2603 nonenim
540 2567 571 2604 ille
583 2568 682 2616 Episcopus
696 2568 755 2605 faetus
762 2564 798 2614 ‘est

175 2636 217 2664 nc.
236 2625 277 2672 175,
294 2631 315 2663 ut
334 2626 411 2663 immani
431 2626 568 2674 proclironismo
588 2627 640 2664 docet
661 2628 759 2674 Salmasius
777 2630 797 2665 in
