<?xml version="1.0" encoding="UTF-8"?>
<!DOCTYPE html PUBLIC "-//W3C//DTD XHTML 1.0 Transitional//EN"
    "http://www.w3.org/TR/xhtml1/DTD/xhtml1-transitional.dtd">
<html xmlns="http://www.w3.org/1999/xhtml" xml:lang="en" lang="en">
 <head>
  <title>
</title>
<meta http-equiv="Content-Type" content="text/html;charset=utf-8" />
  <meta name='ocr-system' content='tesseract 3.04.00' />
  <meta name='ocr-capabilities' content='ocr_page ocr_carea ocr_par ocr_line ocrx_word'/>
</head>
<body>
  <div class='ocr_page' id='page_1' title='image "MN41843ucmf_1_0053.png"; bbox 0 0 1679 2935; ppageno 0'>
   <div class='ocr_carea' id='block_1_1' title="bbox 302 242 502 281">
    <p class='ocr_par' dir='ltr' id='par_1_1' title="bbox 302 242 502 281">
     <span class='ocr_line' id='line_1_1' title="bbox 302 242 502 281; baseline 0.005 -11"><span class='ocrx_word' id='word_1_1' title='bbox 302 242 402 270; x_wconf 38' lang='lat' dir='ltr'>*senueritis</span> <span class='ocrx_word' id='word_1_2' title='bbox 415 242 502 281; x_wconf 71' lang='lat' dir='ltr'>CAPITUM.</span> 
     </span>
    </p>
   </div>
   <div class='ocr_carea' id='block_1_2' title="bbox 349 406 519 443">
    <p class='ocr_par' dir='ltr' id='par_1_2' title="bbox 349 406 519 443">
     <span class='ocr_line' id='line_1_2' title="bbox 349 406 519 443; baseline -0.006 -7"><span class='ocrx_word' id='word_1_3' title='bbox 349 406 413 436; x_wconf 81' lang='lat' dir='ltr'>orror</span> <span class='ocrx_word' id='word_1_4' title='bbox 423 407 457 436; x_wconf 82' lang='lat' dir='ltr'>xri.</span> <span class='ocrx_word' id='word_1_5' title='bbox 515 439 519 443; x_wconf 54' lang='grc'>,</span> 
     </span>
    </p>
   </div>
   <div class='ocr_carea' id='block_1_3' title="bbox 91 494 670 917">
    <p class='ocr_par' dir='ltr' id='par_1_3' title="bbox 91 494 669 583">
     <span class='ocr_line' id='line_1_3' title="bbox 91 494 669 534; baseline -0.005 -7"><span class='ocrx_word' id='word_1_6' title='bbox 91 494 409 534; x_wconf 70' lang='lat' dir='ltr'>ArgumentoeDictionepctiturefelluntur.</span> <span class='ocrx_word' id='word_1_7' title='bbox 424 494 506 525; x_wconf 86' lang='lat' dir='ltr'>Verovocis</span> <span class='ocrx_word' id='word_1_8' title='bbox 513 494 669 534; x_wconf 70' lang='lat' dir='ltr'>esoptpoouotioapud</span> 
     </span>
     <span class='ocr_line' id='line_1_4' title="bbox 109 542 669 583; baseline 0.002 -11"><span class='ocrx_word' id='word_1_9' title='bbox 109 544 184 583; x_wconf 81' lang='lat' dir='ltr'>AntIquou</span> <span class='ocrx_word' id='word_1_10' title='bbox 199 542 220 571; x_wconf 81' lang='lat' dir='ltr'>liu</span> <span class='ocrx_word' id='word_1_11' title='bbox 226 550 254 572; x_wconf 81' lang='lat' dir='ltr'>uox</span> <span class='ocrx_word' id='word_1_12' title='bbox 261 542 274 571; x_wconf 81' lang='lat' dir='ltr'>S.</span> <span class='ocrx_word' id='word_1_13' title='bbox 280 542 337 578; x_wconf 84' lang='lat' dir='ltr'>Ignetio</span> <span class='ocrx_word' id='word_1_14' title='bbox 344 542 379 571; x_wconf 89' lang='lat' dir='ltr'>dem</span> <span class='ocrx_word' id='word_1_15' title='bbox 385 542 401 570; x_wconf 85' lang='lat' dir='ltr'>in</span> <span class='ocrx_word' id='word_1_16' title='bbox 406 542 443 571; x_wconf 78' lang='lat' dir='ltr'>vivis</span> <span class='ocrx_word' id='word_1_17' title='bbox 450 544 486 570; x_wconf 89' lang='lat' dir='ltr'>esset</span> <span class='ocrx_word' id='word_1_18' title='bbox 492 542 547 571; x_wconf 81' lang='lat' dir='ltr'>tributo</span> <span class='ocrx_word' id='word_1_19' title='bbox 553 545 579 571; x_wconf 89' lang='lat' dir='ltr'>est.</span> <span class='ocrx_word' id='word_1_20' title='bbox 594 542 669 573; x_wconf 80' lang='lat' dir='ltr'>Sermones</span> 
     </span>
    </p>

    <p class='ocr_par' dir='ltr' id='par_1_4' title="bbox 91 590 670 917">
     <span class='ocr_line' id='line_1_5' title="bbox 91 590 669 628; baseline 0.002 -8"><span class='ocrx_word' id='word_1_21' title='bbox 91 608 93 610; x_wconf 88' lang='lat'>·</span> <span class='ocrx_word' id='word_1_22' title='bbox 109 591 164 628; x_wconf 79' lang='lat' dir='ltr'>Ignatii</span> <span class='ocrx_word' id='word_1_23' title='bbox 173 600 206 620; x_wconf 91' lang='lat' dir='ltr'>cum</span> <span class='ocrx_word' id='word_1_24' title='bbox 212 590 272 628; x_wconf 76' lang='lat' dir='ltr'>rIrojono</span> <span class='ocrx_word' id='word_1_25' title='bbox 279 590 325 619; x_wconf 82' lang='lat' dir='ltr'>habiti</span> <span class='ocrx_word' id='word_1_26' title='bbox 332 590 426 628; x_wconf 82' lang='lat' dir='ltr'>explicentur.</span> <span class='ocrx_word' id='word_1_27' title='bbox 445 590 669 628; x_wconf 41' lang='lat' dir='ltr'>suspectumsuspectun*</span> 
     </span>
     <span class='ocr_line' id='line_1_6' title="bbox 108 638 669 678; baseline 0 -8"><span class='ocrx_word' id='word_1_28' title='bbox 108 652 152 677; x_wconf 71' lang='lat' dir='ltr'>poro,</span> <span class='ocrx_word' id='word_1_29' title='bbox 162 639 216 674; x_wconf 69' lang='lat' dir='ltr'>clemeri,</span> <span class='ocrx_word' id='word_1_30' title='bbox 226 647 250 668; x_wconf 84' lang='lat' dir='ltr'>seu</span> <span class='ocrx_word' id='word_1_31' title='bbox 260 638 326 676; x_wconf 76' lang='lat' dir='ltr'>e&#39;efcticor</span> <span class='ocrx_word' id='word_1_32' title='bbox 335 639 411 669; x_wconf 75' lang='lat' dir='ltr'>nominati,</span> <span class='ocrx_word' id='word_1_33' title='bbox 430 639 485 669; x_wconf 76' lang='lat' dir='ltr'>eubulo</span> <span class='ocrx_word' id='word_1_34' title='bbox 494 640 511 670; x_wconf 84' lang='lat' dir='ltr'>de</span> <span class='ocrx_word' id='word_1_35' title='bbox 520 640 534 670; x_wconf 78' lang='lat' dir='ltr'>S.</span> <span class='ocrx_word' id='word_1_36' title='bbox 540 639 597 677; x_wconf 80' lang='lat' dir='ltr'>Ignotio</span> <span class='ocrx_word' id='word_1_37' title='bbox 602 649 647 678; x_wconf 88' lang='lat' dir='ltr'>puero</span> <span class='ocrx_word' id='word_1_38' title='bbox 653 641 669 670; x_wconf 89' lang='lat' dir='ltr'>iu</span> 
     </span>
     <span class='ocr_line' id='line_1_7' title="bbox 109 687 669 733; baseline -0.002 -15"><span class='ocrx_word' id='word_1_39' title='bbox 109 689 147 718; x_wconf 81' lang='lat' dir='ltr'>urinis</span> <span class='ocrx_word' id='word_1_40' title='bbox 158 687 212 717; x_wconf 75' lang='lat' dir='ltr'>Christi</span> <span class='ocrx_word' id='word_1_41' title='bbox 223 690 280 725; x_wconf 83' lang='lat' dir='ltr'>accepto</span> <span class='ocrx_word' id='word_1_42' title='bbox 291 688 319 717; x_wconf 87' lang='lat' dir='ltr'>hoc</span> <span class='ocrx_word' id='word_1_43' title='bbox 331 688 374 717; x_wconf 87' lang='lat' dir='ltr'>titulo</span> <span class='ocrx_word' id='word_1_44' title='bbox 385 688 428 724; x_wconf 78' lang='lat' dir='ltr'>louge</span> <span class='ocrx_word' id='word_1_45' title='bbox 439 688 521 733; x_wconf 57' lang='lat' dir='ltr'>posterior.u</span> <span class='ocrx_word' id='word_1_46' title='bbox 532 687 566 716; x_wconf 82' lang='lat' dir='ltr'>Alia</span> <span class='ocrx_word' id='word_1_47' title='bbox 576 688 635 717; x_wconf 82' lang='lat' dir='ltr'>traditio</span> <span class='ocrx_word' id='word_1_48' title='bbox 645 689 669 717; x_wconf 91' lang='lat' dir='ltr'>illi</span> 
     </span>
     <span class='ocr_line' id='line_1_8' title="bbox 108 735 669 772; baseline 0.002 -8"><span class='ocrx_word' id='word_1_49' title='bbox 108 736 160 766; x_wconf 82' lang='lat' dir='ltr'>lohuloc</span> <span class='ocrx_word' id='word_1_50' title='bbox 167 744 214 765; x_wconf 75' lang='lat' dir='ltr'>eoeeve</span> <span class='ocrx_word' id='word_1_51' title='bbox 219 735 296 766; x_wconf 83' lang='lat' dir='ltr'>Veteribus</span> <span class='ocrx_word' id='word_1_52' title='bbox 302 735 380 772; x_wconf 75' lang='lat' dir='ltr'>incognite.</span> <span class='ocrx_word' id='word_1_53' title='bbox 397 735 455 765; x_wconf 68' lang='lat' dir='ltr'>debulee</span> <span class='ocrx_word' id='word_1_54' title='bbox 462 736 507 772; x_wconf 85' lang='lat' dir='ltr'>Ipsius</span> <span class='ocrx_word' id='word_1_55' title='bbox 513 736 598 765; x_wconf 83' lang='lat' dir='ltr'>Auostesius</span> <span class='ocrx_word' id='word_1_56' title='bbox 604 738 619 765; x_wconf 89' lang='lat' dir='ltr'>et</span> <span class='ocrx_word' id='word_1_57' title='bbox 625 736 669 766; x_wconf 77' lang='lat' dir='ltr'>dietu—</span> 
     </span>
     <span class='ocr_line' id='line_1_9' title="bbox 109 783 669 821; baseline 0 -9"><span class='ocrx_word' id='word_1_58' title='bbox 109 784 174 821; x_wconf 85' lang='lat' dir='ltr'>pirrnstes</span> <span class='ocrx_word' id='word_1_59' title='bbox 183 783 227 820; x_wconf 83' lang='lat' dir='ltr'>primi</span> <span class='ocrx_word' id='word_1_60' title='bbox 236 783 338 813; x_wconf 87' lang='lat' dir='ltr'>meminerunt.</span> <span class='ocrx_word' id='word_1_61' title='bbox 356 783 413 819; x_wconf 75' lang='lat' dir='ltr'>Ignotii</span> <span class='ocrx_word' id='word_1_62' title='bbox 420 783 507 812; x_wconf 75' lang='lat' dir='ltr'>Petriurchoe</span> <span class='ocrx_word' id='word_1_63' title='bbox 514 783 669 820; x_wconf 73' lang='lat' dir='ltr'>consuuntiuopoliuni</span> 
     </span>
     <span class='ocr_line' id='line_1_10' title="bbox 109 822 670 869; baseline -0.005 -8"><span class='ocrx_word' id='word_1_64' title='bbox 109 834 152 861; x_wconf 74' lang='lat' dir='ltr'>ectote</span> <span class='ocrx_word' id='word_1_65' title='bbox 159 832 217 860; x_wconf 71' lang='lat' dir='ltr'>miuus</span> <span class='ocrx_word' id='word_1_66' title='bbox 226 833 265 860; x_wconf 79' lang='lat' dir='ltr'>noim</span> <span class='ocrx_word' id='word_1_67' title='bbox 274 831 345 860; x_wconf 83' lang='lat' dir='ltr'>videntur.</span> <span class='ocrx_word' id='word_1_68' title='bbox 364 831 418 860; x_wconf 80' lang='lat' dir='ltr'>Noster</span> <span class='ocrx_word' id='word_1_69' title='bbox 425 830 491 867; x_wconf 81' lang='lat' dir='ltr'>ignatius</span> <span class='ocrx_word' id='word_1_70' title='bbox 498 822 587 868; x_wconf 69' lang='lat' dir='ltr'>presbyteros</span> <span class='ocrx_word' id='word_1_71' title='bbox 593 830 636 869; x_wconf 74' lang='grc' dir='ltr'><em>ἱερέας</em></span> <span class='ocrx_word' id='word_1_72' title='bbox 642 840 670 860; x_wconf 87' lang='lat' dir='ltr'>nou</span> 
     </span>
     <span class='ocr_line' id='line_1_11' title="bbox 109 879 462 917; baseline -0.006 -8"><span class='ocrx_word' id='word_1_73' title='bbox 109 879 173 917; x_wconf 76' lang='lat' dir='ltr'>appellet</span> <span class='ocrx_word' id='word_1_74' title='bbox 186 900 428 908; x_wconf 89' lang='grc'>.....</span> <span class='ocrx_word' id='word_1_75' title='bbox 460 893 462 898; x_wconf 91' lang='lat'>.</span> 
     </span>
    </p>
   </div>
   <div class='ocr_carea' id='block_1_4' title="bbox 168 980 172 997">
    <p class='ocr_par' dir='ltr' id='par_1_5' title="bbox 168 980 172 997">
     <span class='ocr_line' id='line_1_12' title="bbox 168 980 172 997; baseline 0 0"><span class='ocrx_word' id='word_1_76' title='bbox 168 980 172 997; x_wconf 87' lang='grc'>1</span> 
     </span>
    </p>
   </div>
   <div class='ocr_carea' id='block_1_5' title="bbox 346 1007 462 1038">
    <p class='ocr_par' dir='ltr' id='par_1_6' title="bbox 346 1007 462 1038">
     <span class='ocr_line' id='line_1_13' title="bbox 346 1007 462 1038; baseline 0.009 -1"><span class='ocrx_word' id='word_1_77' title='bbox 346 1007 410 1037; x_wconf 71' lang='lat' dir='ltr'>osred</span> <span class='ocrx_word' id='word_1_78' title='bbox 421 1008 462 1038; x_wconf 84' lang='lat' dir='ltr'>XIII.</span> 
     </span>
    </p>
   </div>
   <div class='ocr_carea' id='block_1_6' title="bbox 91 1095 697 2127">
    <p class='ocr_par' dir='ltr' id='par_1_7' title="bbox 91 1095 697 2127">
     <span class='ocr_line' id='line_1_14' title="bbox 91 1095 670 1133; baseline -0.003 -7"><span class='ocrx_word' id='word_1_79' title='bbox 91 1097 197 1133; x_wconf 71' lang='lat' dir='ltr'>Argumentum</span> <span class='ocrx_word' id='word_1_80' title='bbox 203 1096 290 1133; x_wconf 76' lang='lat' dir='ltr'>pulmonum</span> <span class='ocrx_word' id='word_1_81' title='bbox 296 1095 377 1124; x_wconf 85' lang='lat' dir='ltr'>discutitur.</span> <span class='ocrx_word' id='word_1_82' title='bbox 396 1095 431 1131; x_wconf 81' lang='lat' dir='ltr'>ltjus</span> <span class='ocrx_word' id='word_1_83' title='bbox 437 1095 547 1124; x_wconf 79' lang='lat' dir='ltr'>fundamentum</span> <span class='ocrx_word' id='word_1_84' title='bbox 556 1096 571 1124; x_wconf 88' lang='lat' dir='ltr'>iu</span> <span class='ocrx_word' id='word_1_85' title='bbox 578 1097 624 1124; x_wconf 90' lang='lat' dir='ltr'>ruinis</span> <span class='ocrx_word' id='word_1_86' title='bbox 631 1095 670 1124; x_wconf 82' lang='lat' dir='ltr'>Pres-</span> 
     </span>
     <span class='ocr_line' id='line_1_15' title="bbox 109 1142 668 1179; baseline -0.002 -7"><span class='ocrx_word' id='word_1_87' title='bbox 109 1145 210 1179; x_wconf 81' lang='lat' dir='ltr'>byterouurum</span> <span class='ocrx_word' id='word_1_88' title='bbox 222 1142 330 1179; x_wconf 83' lang='lat' dir='ltr'>pertiumpoui</span> <span class='ocrx_word' id='word_1_89' title='bbox 340 1142 424 1170; x_wconf 86' lang='lat' dir='ltr'>ostendItur.</span> <span class='ocrx_word' id='word_1_90' title='bbox 443 1143 465 1170; x_wconf 87' lang='lat' dir='ltr'>De</span> <span class='ocrx_word' id='word_1_91' title='bbox 476 1142 549 1171; x_wconf 85' lang='lat' dir='ltr'>distinctis</span> <span class='ocrx_word' id='word_1_92' title='bbox 559 1143 642 1172; x_wconf 83' lang='lat' dir='ltr'>nominibus</span> <span class='ocrx_word' id='word_1_93' title='bbox 653 1145 668 1171; x_wconf 91' lang='lat' dir='ltr'>et</span> 
     </span>
     <span class='ocr_line' id='line_1_16' title="bbox 110 1188 667 1226; baseline -0.002 -7"><span class='ocrx_word' id='word_1_94' title='bbox 110 1190 159 1220; x_wconf 82' lang='lat' dir='ltr'>officiis</span> <span class='ocrx_word' id='word_1_95' title='bbox 172 1190 217 1218; x_wconf 89' lang='lat' dir='ltr'>trium</span> <span class='ocrx_word' id='word_1_96' title='bbox 232 1197 303 1217; x_wconf 80' lang='lat' dir='ltr'>sociorum</span> <span class='ocrx_word' id='word_1_97' title='bbox 316 1188 387 1217; x_wconf 87' lang='lat' dir='ltr'>Ordinum</span> <span class='ocrx_word' id='word_1_98' title='bbox 403 1191 463 1226; x_wconf 84' lang='lat' dir='ltr'>quotuor</span> <span class='ocrx_word' id='word_1_99' title='bbox 476 1190 565 1219; x_wconf 84' lang='lat' dir='ltr'>Assertioncs</span> <span class='ocrx_word' id='word_1_100' title='bbox 580 1191 667 1219; x_wconf 79' lang='lat' dir='ltr'>statuuntur.</span> 
     </span>
     <span class='ocr_line' id='line_1_17' title="bbox 109 1236 669 1275; baseline 0 -8"><span class='ocrx_word' id='word_1_101' title='bbox 109 1238 173 1267; x_wconf 85' lang='lat' dir='ltr'>Assertio</span> <span class='ocrx_word' id='word_1_102' title='bbox 180 1237 191 1266; x_wconf 89' lang='lat' dir='ltr'>l.</span> <span class='ocrx_word' id='word_1_103' title='bbox 210 1236 252 1273; x_wconf 79' lang='lat' dir='ltr'>Altos</span> <span class='ocrx_word' id='word_1_104' title='bbox 258 1237 371 1273; x_wconf 89' lang='lat' dir='ltr'>quumplnrimcs</span> <span class='ocrx_word' id='word_1_105' title='bbox 377 1236 436 1266; x_wconf 86' lang='lat' dir='ltr'>secundi</span> <span class='ocrx_word' id='word_1_106' title='bbox 445 1237 493 1266; x_wconf 75' lang='lat' dir='ltr'>smeuli</span> <span class='ocrx_word' id='word_1_107' title='bbox 502 1237 580 1275; x_wconf 80' lang='lat' dir='ltr'>Scriptores</span> <span class='ocrx_word' id='word_1_108' title='bbox 590 1237 629 1267; x_wconf 85' lang='lat' dir='ltr'>idem</span> <span class='ocrx_word' id='word_1_109' title='bbox 641 1238 669 1267; x_wconf 90' lang='lat' dir='ltr'>dis·</span> 
     </span>
     <span class='ocr_line' id='line_1_18' title="bbox 110 1283 670 1322; baseline 0 -8"><span class='ocrx_word' id='word_1_110' title='bbox 110 1286 164 1314; x_wconf 86' lang='lat' dir='ltr'>erImen</span> <span class='ocrx_word' id='word_1_111' title='bbox 174 1285 213 1313; x_wconf 84' lang='lat' dir='ltr'>inter·</span> <span class='ocrx_word' id='word_1_112' title='bbox 219 1284 287 1313; x_wconf 73' lang='lat' dir='ltr'>vocabule</span> <span class='ocrx_word' id='word_1_113' title='bbox 292 1283 390 1321; x_wconf 70' lang='lat' dir='ltr'>Episcopatus</span> <span class='ocrx_word' id='word_1_114' title='bbox 401 1287 416 1314; x_wconf 89' lang='lat' dir='ltr'>et</span> <span class='ocrx_word' id='word_1_115' title='bbox 425 1285 533 1322; x_wconf 69' lang='lat' dir='ltr'>Presbyterotor</span> <span class='ocrx_word' id='word_1_116' title='bbox 540 1287 624 1321; x_wconf 75' lang='lat' dir='ltr'>observasse,</span> <span class='ocrx_word' id='word_1_117' title='bbox 631 1285 670 1322; x_wconf 85' lang='lat' dir='ltr'>quod</span> 
     </span>
     <span class='ocr_line' id='line_1_19' title="bbox 110 1332 670 1370; baseline -0.004 -7"><span class='ocrx_word' id='word_1_118' title='bbox 110 1333 176 1363; x_wconf 81' lang='lat' dir='ltr'>observet</span> <span class='ocrx_word' id='word_1_119' title='bbox 182 1332 247 1369; x_wconf 81' lang='lat' dir='ltr'>ignatius</span> <span class='ocrx_word' id='word_1_120' title='bbox 253 1334 305 1362; x_wconf 92' lang='lat' dir='ltr'>noster.</span> <span class='ocrx_word' id='word_1_121' title='bbox 324 1332 365 1366; x_wconf 76' lang='lat' dir='ltr'>onoc</span> <span class='ocrx_word' id='word_1_122' title='bbox 371 1333 439 1370; x_wconf 81' lang='lat' dir='ltr'>probetur</span> <span class='ocrx_word' id='word_1_123' title='bbox 445 1333 532 1362; x_wconf 69' lang='lat' dir='ltr'>testimoniis</span> <span class='ocrx_word' id='word_1_124' title='bbox 539 1334 608 1362; x_wconf 85' lang='lat' dir='ltr'>Actorum</span> <span class='ocrx_word' id='word_1_125' title='bbox 614 1333 670 1369; x_wconf 80' lang='lat' dir='ltr'>Ignatii</span> 
     </span>
     <span class='ocr_line' id='line_1_20' title="bbox 109 1379 670 1418; baseline -0.002 -8"><span class='ocrx_word' id='word_1_126' title='bbox 109 1383 124 1410; x_wconf 90' lang='lat' dir='ltr'>et</span> <span class='ocrx_word' id='word_1_127' title='bbox 130 1381 210 1417; x_wconf 83' lang='lat' dir='ltr'>Polycorpi,</span> <span class='ocrx_word' id='word_1_128' title='bbox 217 1379 310 1416; x_wconf 76' lang='lat' dir='ltr'>Imperatoris</span> <span class='ocrx_word' id='word_1_129' title='bbox 318 1379 394 1415; x_wconf 85' lang='lat' dir='ltr'>Hedriuui,</span> <span class='ocrx_word' id='word_1_130' title='bbox 404 1380 470 1417; x_wconf 78' lang='lat' dir='ltr'>Dionysii</span> <span class='ocrx_word' id='word_1_131' title='bbox 480 1380 588 1410; x_wconf 80' lang='lat' dir='ltr'>Corinthiorum</span> <span class='ocrx_word' id='word_1_132' title='bbox 598 1380 670 1418; x_wconf 76' lang='lat' dir='ltr'>Episcopi,</span> 
     </span>
     <span class='ocr_line' id='line_1_21' title="bbox 110 1427 671 1465; baseline 0 -8"><span class='ocrx_word' id='word_1_133' title='bbox 110 1428 228 1465; x_wconf 74' lang='lat' dir='ltr'>Lugdunensium</span> <span class='ocrx_word' id='word_1_134' title='bbox 236 1427 318 1463; x_wconf 75' lang='lat' dir='ltr'>Martyrum</span> <span class='ocrx_word' id='word_1_135' title='bbox 328 1427 393 1465; x_wconf 82' lang='lat' dir='ltr'>(quorum</span> <span class='ocrx_word' id='word_1_136' title='bbox 402 1428 502 1457; x_wconf 83' lang='lat' dir='ltr'>testImouium</span> <span class='ocrx_word' id='word_1_137' title='bbox 512 1437 521 1457; x_wconf 84' lang='lat' dir='ltr'>e</span> <span class='ocrx_word' id='word_1_138' title='bbox 530 1428 603 1458; x_wconf 87' lang='lat' dir='ltr'>BIondelli</span> <span class='ocrx_word' id='word_1_139' title='bbox 609 1427 671 1458; x_wconf 74' lang='lat' dir='ltr'>Chrono-</span> 
     </span>
     <span class='ocr_line' id='line_1_22' title="bbox 110 1475 670 1514; baseline 0 -9"><span class='ocrx_word' id='word_1_140' title='bbox 110 1477 161 1514; x_wconf 75' lang='lat' dir='ltr'>logieis</span> <span class='ocrx_word' id='word_1_141' title='bbox 172 1475 275 1513; x_wconf 85' lang='lat' dir='ltr'>objectionibus</span> <span class='ocrx_word' id='word_1_142' title='bbox 287 1475 379 1513; x_wconf 71' lang='lat' dir='ltr'>vindicetur),</span> <span class='ocrx_word' id='word_1_143' title='bbox 393 1475 477 1513; x_wconf 76' lang='lat' dir='ltr'>Hegestppi,</span> <span class='ocrx_word' id='word_1_144' title='bbox 490 1475 572 1513; x_wconf 76' lang='lat' dir='ltr'>Polycratis</span> <span class='ocrx_word' id='word_1_145' title='bbox 585 1475 670 1514; x_wconf 78' lang='lat' dir='ltr'>Serepionis,</span> 
     </span>
     <span class='ocr_line' id='line_1_23' title="bbox 110 1523 669 1562; baseline -0.002 -8"><span class='ocrx_word' id='word_1_146' title='bbox 110 1525 184 1562; x_wconf 77' lang='lat' dir='ltr'>Anonymi</span> <span class='ocrx_word' id='word_1_147' title='bbox 192 1525 229 1562; x_wconf 84' lang='lat' dir='ltr'>epod</span> <span class='ocrx_word' id='word_1_148' title='bbox 238 1523 320 1559; x_wconf 73' lang='lat' dir='ltr'>Eusebium,</span> <span class='ocrx_word' id='word_1_149' title='bbox 331 1525 345 1553; x_wconf 87' lang='lat' dir='ltr'>et</span> <span class='ocrx_word' id='word_1_150' title='bbox 355 1523 429 1553; x_wconf 74' lang='lat' dir='ltr'>Curionum</span> <span class='ocrx_word' id='word_1_151' title='bbox 438 1524 558 1561; x_wconf 73' lang='lat' dir='ltr'>Apostolicorum.</span> <span class='ocrx_word' id='word_1_152' title='bbox 578 1525 643 1554; x_wconf 81' lang='lat' dir='ltr'>Assertio</span> <span class='ocrx_word' id='word_1_153' title='bbox 650 1525 669 1553; x_wconf 92' lang='lat' dir='ltr'>II.</span> 
     </span>
     <span class='ocr_line' id='line_1_24' title="bbox 110 1572 670 1610; baseline -0.004 -8"><span class='ocrx_word' id='word_1_154' title='bbox 110 1573 172 1603; x_wconf 82' lang='lat' dir='ltr'>Nullum</span> <span class='ocrx_word' id='word_1_155' title='bbox 182 1572 240 1602; x_wconf 87' lang='lat' dir='ltr'>secundi</span> <span class='ocrx_word' id='word_1_156' title='bbox 251 1572 300 1601; x_wconf 81' lang='lat' dir='ltr'>soeculi</span> <span class='ocrx_word' id='word_1_157' title='bbox 312 1572 399 1609; x_wconf 78' lang='lat' dir='ltr'>Scriptorem</span> <span class='ocrx_word' id='word_1_158' title='bbox 410 1573 473 1610; x_wconf 89' lang='lat' dir='ltr'>simplici</span> <span class='ocrx_word' id='word_1_159' title='bbox 485 1573 572 1610; x_wconf 74' lang='lat' dir='ltr'>presbytero,</span> <span class='ocrx_word' id='word_1_160' title='bbox 582 1574 598 1601; x_wconf 89' lang='lat' dir='ltr'>in</span> <span class='ocrx_word' id='word_1_161' title='bbox 609 1573 670 1602; x_wconf 86' lang='lat' dir='ltr'>seeundo</span> 
     </span>
     <span class='ocr_line' id='line_1_25' title="bbox 111 1614 697 1657; baseline -0.002 -7"><span class='ocrx_word' id='word_1_162' title='bbox 111 1620 189 1650; x_wconf 88' lang='lat' dir='ltr'>ministerii</span> <span class='ocrx_word' id='word_1_163' title='bbox 197 1620 247 1650; x_wconf 84' lang='lat' dir='ltr'>ordine</span> <span class='ocrx_word' id='word_1_164' title='bbox 256 1620 333 1649; x_wconf 86' lang='lat' dir='ltr'>constituto</span> <span class='ocrx_word' id='word_1_165' title='bbox 340 1620 411 1657; x_wconf 74' lang='lat' dir='ltr'>Episcopi</span> <span class='ocrx_word' id='word_1_166' title='bbox 420 1629 473 1649; x_wconf 88' lang='lat' dir='ltr'>nomen</span> <span class='ocrx_word' id='word_1_167' title='bbox 482 1621 553 1650; x_wconf 80' lang='lat' dir='ltr'>tribuisse.</span> <span class='ocrx_word' id='word_1_168' title='bbox 573 1620 670 1649; x_wconf 75' lang='lat' dir='ltr'>RotIomeni·</span> <span class='ocrx_word' id='word_1_169' title='bbox 695 1614 697 1620; x_wconf 58' lang='lat'><strong>¹</strong></span> 
     </span>
     <span class='ocr_line' id='line_1_26' title="bbox 111 1667 669 1704; baseline -0.004 -6"><span class='ocrx_word' id='word_1_170' title='bbox 111 1670 147 1698; x_wconf 83' lang='lat' dir='ltr'>festo</span> <span class='ocrx_word' id='word_1_171' title='bbox 158 1671 200 1704; x_wconf 77' lang='lat' dir='ltr'>errore</span> <span class='ocrx_word' id='word_1_172' title='bbox 210 1668 276 1703; x_wconf 82' lang='lat' dir='ltr'>ignotius</span> <span class='ocrx_word' id='word_1_173' title='bbox 286 1667 363 1695; x_wconf 88' lang='lat' dir='ltr'>discrimen</span> <span class='ocrx_word' id='word_1_174' title='bbox 371 1668 409 1695; x_wconf 88' lang='lat' dir='ltr'>illud</span> <span class='ocrx_word' id='word_1_175' title='bbox 418 1672 455 1696; x_wconf 82' lang='lat' dir='ltr'>ceste</span> <span class='ocrx_word' id='word_1_176' title='bbox 467 1668 556 1696; x_wconf 69' lang='lat' dir='ltr'>observaret.</span> <span class='ocrx_word' id='word_1_177' title='bbox 570 1668 635 1696; x_wconf 81' lang='lat' dir='ltr'>Assertio</span> <span class='ocrx_word' id='word_1_178' title='bbox 642 1667 669 1696; x_wconf 84' lang='lat' dir='ltr'>lli.</span> 
     </span>
     <span class='ocr_line' id='line_1_27' title="bbox 110 1714 669 1752; baseline 0 -8"><span class='ocrx_word' id='word_1_179' title='bbox 110 1715 172 1744; x_wconf 81' lang='lat' dir='ltr'>Nullum</span> <span class='ocrx_word' id='word_1_180' title='bbox 183 1715 241 1743; x_wconf 90' lang='lat' dir='ltr'>omuino</span> <span class='ocrx_word' id='word_1_181' title='bbox 254 1714 312 1743; x_wconf 90' lang='lat' dir='ltr'>secundi</span> <span class='ocrx_word' id='word_1_182' title='bbox 324 1714 372 1743; x_wconf 78' lang='lat' dir='ltr'>soeculi</span> <span class='ocrx_word' id='word_1_183' title='bbox 383 1714 473 1752; x_wconf 79' lang='lat' dir='ltr'>Scriptorem,</span> <span class='ocrx_word' id='word_1_184' title='bbox 485 1723 517 1744; x_wconf 89' lang='lat' dir='ltr'>eum</span> <span class='ocrx_word' id='word_1_185' title='bbox 528 1714 580 1752; x_wconf 78' lang='lat' dir='ltr'>gradus</span> <span class='ocrx_word' id='word_1_186' title='bbox 592 1718 669 1749; x_wconf 83' lang='lat' dir='ltr'>enumeret,</span> 
     </span>
     <span class='ocr_line' id='line_1_28' title="bbox 111 1755 671 1798; baseline -0.002 -6"><span class='ocrx_word' id='word_1_187' title='bbox 111 1766 137 1793; x_wconf 83' lang='lat' dir='ltr'>eut</span> <span class='ocrx_word' id='word_1_188' title='bbox 145 1755 182 1792; x_wconf 51' lang='lat' dir='ltr'>¹cum</span> <span class='ocrx_word' id='word_1_189' title='bbox 195 1764 213 1791; x_wconf 83' lang='lat' dir='ltr'>de</span> <span class='ocrx_word' id='word_1_190' title='bbox 225 1763 322 1798; x_wconf 76' lang='lat' dir='ltr'>singularibus</span> <span class='ocrx_word' id='word_1_191' title='bbox 334 1763 356 1791; x_wconf 87' lang='lat' dir='ltr'>sui</span> <span class='ocrx_word' id='word_1_192' title='bbox 372 1763 440 1798; x_wconf 88' lang='lat' dir='ltr'>temporis</span> <span class='ocrx_word' id='word_1_193' title='bbox 452 1762 524 1791; x_wconf 84' lang='lat' dir='ltr'>ministris</span> <span class='ocrx_word' id='word_1_194' title='bbox 537 1763 606 1798; x_wconf 81' lang='lat' dir='ltr'>quuitur,</span> <span class='ocrx_word' id='word_1_195' title='bbox 617 1771 671 1791; x_wconf 85' lang='lat' dir='ltr'>nomen</span> 
     </span>
     <span class='ocr_line' id='line_1_29' title="bbox 109 1809 671 1849; baseline -0.002 -9"><span class='ocrx_word' id='word_1_196' title='bbox 109 1810 190 1849; x_wconf 72' lang='lat' dir='ltr'>presbyteri</span> <span class='ocrx_word' id='word_1_197' title='bbox 199 1810 213 1839; x_wconf 92' lang='lat' dir='ltr'>ci</span> <span class='ocrx_word' id='word_1_198' title='bbox 221 1810 247 1847; x_wconf 77' lang='lat' dir='ltr'>qur</span> <span class='ocrx_word' id='word_1_199' title='bbox 252 1810 330 1847; x_wconf 78' lang='lat' dir='ltr'>Episcopus</span> <span class='ocrx_word' id='word_1_200' title='bbox 338 1812 375 1839; x_wconf 88' lang='lat' dir='ltr'>esset</span> <span class='ocrx_word' id='word_1_201' title='bbox 381 1810 451 1839; x_wconf 83' lang='lat' dir='ltr'>tribuisse.</span> <span class='ocrx_word' id='word_1_202' title='bbox 471 1810 509 1839; x_wconf 82' lang='lat' dir='ltr'>Loro</span> <span class='ocrx_word' id='word_1_203' title='bbox 517 1810 570 1846; x_wconf 80' lang='lat' dir='ltr'>Peplos,</span> <span class='ocrx_word' id='word_1_204' title='bbox 578 1809 634 1844; x_wconf 71' lang='lat' dir='ltr'>irenei,</span> <span class='ocrx_word' id='word_1_205' title='bbox 641 1810 671 1839; x_wconf 78' lang='lat' dir='ltr'>Gle-</span> 
     </span>
     <span class='ocr_line' id='line_1_30' title="bbox 111 1857 669 1896; baseline -0.004 -8"><span class='ocrx_word' id='word_1_206' title='bbox 111 1858 165 1888; x_wconf 88' lang='lat' dir='ltr'>mentis</span> <span class='ocrx_word' id='word_1_207' title='bbox 172 1858 271 1893; x_wconf 81' lang='lat' dir='ltr'>Alexondrini¹</span> <span class='ocrx_word' id='word_1_208' title='bbox 278 1858 358 1896; x_wconf 73' lang='lat' dir='ltr'>Polycrerpi²</span> <span class='ocrx_word' id='word_1_209' title='bbox 367 1857 395 1893; x_wconf 87' lang='lat' dir='ltr'>Pii,</span> <span class='ocrx_word' id='word_1_210' title='bbox 405 1860 419 1886; x_wconf 90' lang='lat' dir='ltr'>et</span> <span class='ocrx_word' id='word_1_211' title='bbox 429 1858 488 1890; x_wconf 80' lang='lat' dir='ltr'>Hermes</span> <span class='ocrx_word' id='word_1_212' title='bbox 497 1858 602 1887; x_wconf 75' lang='lat' dir='ltr'>examinentur.</span> <span class='ocrx_word' id='word_1_213' title='bbox 621 1859 669 1887; x_wconf 82' lang='lat' dir='ltr'>Asser-</span> 
     </span>
     <span class='ocr_line' id='line_1_31' title="bbox 112 1905 672 1943; baseline -0.004 -7"><span class='ocrx_word' id='word_1_214' title='bbox 112 1908 133 1937; x_wconf 93' lang='lat' dir='ltr'>tio</span> <span class='ocrx_word' id='word_1_215' title='bbox 145 1906 171 1936; x_wconf 72' lang='lat' dir='ltr'>IV.</span> <span class='ocrx_word' id='word_1_216' title='bbox 190 1906 211 1936; x_wconf 84' lang='lat' dir='ltr'>Eo</span> <span class='ocrx_word' id='word_1_217' title='bbox 222 1908 270 1941; x_wconf 74' lang='lat' dir='ltr'>retecto,</span> <span class='ocrx_word' id='word_1_218' title='bbox 283 1915 311 1943; x_wconf 82' lang='lat' dir='ltr'>quo</span> <span class='ocrx_word' id='word_1_219' title='bbox 323 1905 337 1935; x_wconf 80' lang='lat' dir='ltr'>S.</span> <span class='ocrx_word' id='word_1_220' title='bbox 348 1906 414 1942; x_wconf 73' lang='lat' dir='ltr'>lgnetius</span> <span class='ocrx_word' id='word_1_221' title='bbox 428 1906 501 1943; x_wconf 85' lang='lat' dir='ltr'>scripsisse</span> <span class='ocrx_word' id='word_1_222' title='bbox 514 1905 572 1941; x_wconf 86' lang='lat' dir='ltr'>dieItur,</span> <span class='ocrx_word' id='word_1_223' title='bbox 584 1907 614 1934; x_wconf 90' lang='lat' dir='ltr'>tres</span> <span class='ocrx_word' id='word_1_224' title='bbox 626 1915 672 1935; x_wconf 81' lang='lat' dir='ltr'>socr-os</span> 
     </span>
     <span class='ocr_line' id='line_1_32' title="bbox 113 1953 672 1989; baseline -0.002 -6"><span class='ocrx_word' id='word_1_225' title='bbox 113 1955 174 1983; x_wconf 85' lang='lat' dir='ltr'>Ordines</span> <span class='ocrx_word' id='word_1_226' title='bbox 185 1954 261 1982; x_wconf 86' lang='lat' dir='ltr'>distinctos</span> <span class='ocrx_word' id='word_1_227' title='bbox 273 1954 290 1981; x_wconf 86' lang='lat' dir='ltr'>iu</span> <span class='ocrx_word' id='word_1_228' title='bbox 302 1954 365 1982; x_wconf 72' lang='lat' dir='ltr'>Ecclesia</span> <span class='ocrx_word' id='word_1_229' title='bbox 376 1953 453 1983; x_wconf 80' lang='lat' dir='ltr'>exstitisse.</span> <span class='ocrx_word' id='word_1_230' title='bbox 472 1953 514 1987; x_wconf 67' lang='lat' dir='ltr'>(litori</span> <span class='ocrx_word' id='word_1_231' title='bbox 523 1961 556 1985; x_wconf 87' lang='lat' dir='ltr'>cum</span> <span class='ocrx_word' id='word_1_232' title='bbox 565 1953 630 1989; x_wconf 84' lang='lat' dir='ltr'>eliorum,</span> <span class='ocrx_word' id='word_1_233' title='bbox 641 1955 672 1982; x_wconf 88' lang='lat' dir='ltr'>tum</span> 
     </span>
     <span class='ocr_line' id='line_1_33' title="bbox 111 2000 671 2038; baseline -0.004 -7"><span class='ocrx_word' id='word_1_234' title='bbox 111 2002 156 2031; x_wconf 80' lang='lat' dir='ltr'>etium</span> <span class='ocrx_word' id='word_1_235' title='bbox 167 2009 216 2030; x_wconf 88' lang='lat' dir='ltr'>eorum</span> <span class='ocrx_word' id='word_1_236' title='bbox 227 2001 296 2037; x_wconf 82' lang='lat' dir='ltr'>omnium,</span> <span class='ocrx_word' id='word_1_237' title='bbox 306 2001 331 2038; x_wconf 89' lang='lat' dir='ltr'>qui</span> <span class='ocrx_word' id='word_1_238' title='bbox 342 2001 457 2030; x_wconf 87' lang='lat' dir='ltr'>communionem</span> <span class='ocrx_word' id='word_1_239' title='bbox 469 2001 545 2030; x_wconf 87' lang='lat' dir='ltr'>nominum</span> <span class='ocrx_word' id='word_1_240' title='bbox 556 2000 573 2029; x_wconf 83' lang='lat' dir='ltr'>In</span> <span class='ocrx_word' id='word_1_241' title='bbox 584 2000 671 2038; x_wconf 72' lang='lat' dir='ltr'>Apostolicits</span> 
     </span>
     <span class='ocr_line' id='line_1_34' title="bbox 111 2048 670 2086; baseline -0.002 -8"><span class='ocrx_word' id='word_1_242' title='bbox 111 2050 169 2086; x_wconf 84' lang='lat' dir='ltr'>sculptis</span> <span class='ocrx_word' id='word_1_243' title='bbox 180 2049 278 2084; x_wconf 70' lang='lat' dir='ltr'>observabunt,</span> <span class='ocrx_word' id='word_1_244' title='bbox 289 2048 376 2078; x_wconf 85' lang='lat' dir='ltr'>testimoniis</span> <span class='ocrx_word' id='word_1_245' title='bbox 385 2049 458 2086; x_wconf 85' lang='lat' dir='ltr'>probetur.</span> <span class='ocrx_word' id='word_1_246' title='bbox 476 2049 529 2078; x_wconf 80' lang='lat' dir='ltr'>Delleei</span> <span class='ocrx_word' id='word_1_247' title='bbox 539 2048 583 2078; x_wconf 81' lang='lat' dir='ltr'>effuso</span> <span class='ocrx_word' id='word_1_248' title='bbox 592 2049 637 2079; x_wconf 84' lang='lat' dir='ltr'>cretio</span> <span class='ocrx_word' id='word_1_249' title='bbox 643 2050 670 2078; x_wconf 79' lang='lat' dir='ltr'>suf-</span> 
     </span>
     <span class='ocr_line' id='line_1_35' title="bbox 112 2097 312 2127; baseline -0.005 -1"><span class='ocrx_word' id='word_1_250' title='bbox 112 2097 194 2127; x_wconf 80' lang='lat' dir='ltr'>dominetur</span> <span class='ocrx_word' id='word_1_251' title='bbox 248 2118 252 2125; x_wconf 91' lang='lat'>.</span> <span class='ocrx_word' id='word_1_252' title='bbox 308 2117 312 2125; x_wconf 87' lang='lat'>.</span> 
     </span>
    </p>
   </div>
   <div class='ocr_carea' id='block_1_7' title="bbox 348 2224 462 2254">
    <p class='ocr_par' dir='ltr' id='par_1_8' title="bbox 348 2224 462 2254">
     <span class='ocr_line' id='line_1_36' title="bbox 348 2224 462 2254; baseline 0 0"><span class='ocrx_word' id='word_1_253' title='bbox 348 2224 411 2254; x_wconf 71' lang='lat' dir='ltr'>etrus</span> <span class='ocrx_word' id='word_1_254' title='bbox 422 2224 462 2254; x_wconf 75' lang='lat' dir='ltr'>Ait.</span> 
     </span>
    </p>
   </div>
   <div class='ocr_carea' id='block_1_8' title="bbox 75 2311 716 2689">
    <p class='ocr_par' dir='ltr' id='par_1_9' title="bbox 94 2311 670 2395">
     <span class='ocr_line' id='line_1_37' title="bbox 94 2311 670 2349; baseline -0.003 -6"><span class='ocrx_word' id='word_1_255' title='bbox 94 2313 139 2343; x_wconf 76' lang='lat' dir='ltr'>Nullo</span> <span class='ocrx_word' id='word_1_256' title='bbox 145 2312 213 2343; x_wconf 75' lang='lat' dir='ltr'>vocabule</span> <span class='ocrx_word' id='word_1_257' title='bbox 222 2312 300 2342; x_wconf 85' lang='lat' dir='ltr'>ostendunt</span> <span class='ocrx_word' id='word_1_258' title='bbox 309 2312 348 2341; x_wconf 86' lang='lat' dir='ltr'>hune</span> <span class='ocrx_word' id='word_1_259' title='bbox 358 2311 446 2349; x_wconf 76' lang='lat' dir='ltr'>Scriptorem</span> <span class='ocrx_word' id='word_1_260' title='bbox 456 2311 481 2341; x_wconf 85' lang='lat' dir='ltr'>diu</span> <span class='ocrx_word' id='word_1_261' title='bbox 491 2313 523 2349; x_wconf 90' lang='lat' dir='ltr'>post</span> <span class='ocrx_word' id='word_1_262' title='bbox 532 2311 607 2349; x_wconf 77' lang='lat' dir='ltr'>ignatium</span> <span class='ocrx_word' id='word_1_263' title='bbox 613 2312 670 2342; x_wconf 72' lang='lat' dir='ltr'>vixisse.</span> 
     </span>
     <span class='ocr_line' id='line_1_38' title="bbox 111 2359 670 2395; baseline -0.004 -6"><span class='ocrx_word' id='word_1_264' title='bbox 111 2361 158 2390; x_wconf 77' lang='lat' dir='ltr'>Voces</span> <span class='ocrx_word' id='word_1_265' title='bbox 164 2360 247 2395; x_wconf 78' lang='lat' dir='ltr'>compositos</span> <span class='ocrx_word' id='word_1_266' title='bbox 253 2360 350 2395; x_wconf 80' lang='lat' dir='ltr'>imposturam</span> <span class='ocrx_word' id='word_1_267' title='bbox 356 2367 385 2387; x_wconf 88' lang='lat' dir='ltr'>nou</span> <span class='ocrx_word' id='word_1_268' title='bbox 392 2359 435 2387; x_wconf 84' lang='lat' dir='ltr'>olent.</span> <span class='ocrx_word' id='word_1_269' title='bbox 451 2359 522 2395; x_wconf 78' lang='lat' dir='ltr'>Exemplo</span> <span class='ocrx_word' id='word_1_270' title='bbox 527 2368 545 2388; x_wconf 82' lang='lat' dir='ltr'>ex</span> <span class='ocrx_word' id='word_1_271' title='bbox 551 2359 570 2387; x_wconf 85' lang='lat' dir='ltr'>N.</span> <span class='ocrx_word' id='word_1_272' title='bbox 575 2359 670 2392; x_wconf 69' lang='lat' dir='ltr'>Testamento,</span> 
     </span>
    </p>

    <p class='ocr_par' dir='ltr' id='par_1_10' title="bbox 75 2405 716 2689">
     <span class='ocr_line' id='line_1_39' title="bbox 75 2405 671 2449; baseline -0.007 -12"><span class='ocrx_word' id='word_1_273' title='bbox 75 2423 77 2426; x_wconf 95' lang='lat'>·</span> <span class='ocrx_word' id='word_1_274' title='bbox 95 2446 96 2449; x_wconf 11' lang='grc' dir='ltr'><strong>Ἴ</strong></span> <span class='ocrx_word' id='word_1_275' title='bbox 112 2407 186 2437; x_wconf 76' lang='lat' dir='ltr'>Clemente</span> <span class='ocrx_word' id='word_1_276' title='bbox 195 2406 264 2441; x_wconf 73' lang='lat' dir='ltr'>nomano,</span> <span class='ocrx_word' id='word_1_277' title='bbox 275 2406 346 2436; x_wconf 77' lang='lat' dir='ltr'>cicerone.</span> <span class='ocrx_word' id='word_1_278' title='bbox 365 2405 512 2435; x_wconf 83' lang='lat' dir='ltr'>Poeticeenonsunt.</span> <span class='ocrx_word' id='word_1_279' title='bbox 532 2405 548 2434; x_wconf 83' lang='lat' dir='ltr'>Si</span> <span class='ocrx_word' id='word_1_280' title='bbox 557 2415 589 2442; x_wconf 70' lang='lat' dir='ltr'>ques</span> <span class='ocrx_word' id='word_1_281' title='bbox 599 2407 671 2434; x_wconf 75' lang='lat' dir='ltr'>raraesint</span> 
     </span>
     <span class='ocr_line' id='line_1_40' title="bbox 112 2452 670 2493; baseline -0.004 -7"><span class='ocrx_word' id='word_1_282' title='bbox 112 2457 137 2487; x_wconf 82' lang='lat' dir='ltr'>eut</span> <span class='ocrx_word' id='word_1_283' title='bbox 149 2463 194 2491; x_wconf 81' lang='lat' dir='ltr'>noue,</span> <span class='ocrx_word' id='word_1_284' title='bbox 207 2453 261 2493; x_wconf 89' lang='lat' dir='ltr'>optime</span> <span class='ocrx_word' id='word_1_285' title='bbox 274 2452 332 2492; x_wconf 72' lang='lat' dir='ltr'>ignatio</span> <span class='ocrx_word' id='word_1_286' title='bbox 345 2454 435 2485; x_wconf 83' lang='lat' dir='ltr'>conveniunt.</span> <span class='ocrx_word' id='word_1_287' title='bbox 455 2453 527 2484; x_wconf 84' lang='lat' dir='ltr'>Numerus</span> <span class='ocrx_word' id='word_1_288' title='bbox 539 2464 590 2484; x_wconf 84' lang='lat' dir='ltr'>vocum</span> <span class='ocrx_word' id='word_1_289' title='bbox 599 2455 617 2484; x_wconf 76' lang='lat' dir='ltr'>ab</span> <span class='ocrx_word' id='word_1_290' title='bbox 630 2455 670 2492; x_wconf 64' lang='lat' dir='ltr'>rrius,</span> 
     </span>
     <span class='ocr_line' id='line_1_41' title="bbox 112 2501 670 2542; baseline -0.002 -9"><span class='ocrx_word' id='word_1_291' title='bbox 112 2504 178 2542; x_wconf 79' lang='lat' dir='ltr'>exemplo</span> <span class='ocrx_word' id='word_1_292' title='bbox 191 2502 295 2540; x_wconf 81' lang='lat' dir='ltr'>XenophontIs,</span> <span class='ocrx_word' id='word_1_293' title='bbox 306 2511 315 2532; x_wconf 84' lang='lat' dir='ltr'>e</span> <span class='ocrx_word' id='word_1_294' title='bbox 327 2501 364 2540; x_wconf 77' lang='grc' dir='ltr'>φέρω</span> <span class='ocrx_word' id='word_1_295' title='bbox 378 2502 451 2532; x_wconf 86' lang='lat' dir='ltr'>communi</span> <span class='ocrx_word' id='word_1_296' title='bbox 465 2504 529 2533; x_wconf 86' lang='lat' dir='ltr'>omnium</span> <span class='ocrx_word' id='word_1_297' title='bbox 545 2511 571 2532; x_wconf 87' lang='lat' dir='ltr'>usu</span> <span class='ocrx_word' id='word_1_298' title='bbox 585 2503 670 2533; x_wconf 84' lang='lat' dir='ltr'>defenditur.</span> 
     </span>
     <span class='ocr_line' id='line_1_42' title="bbox 113 2549 670 2587; baseline -0.005 -7"><span class='ocrx_word' id='word_1_299' title='bbox 113 2552 192 2581; x_wconf 88' lang='lat' dir='ltr'>Verborum</span> <span class='ocrx_word' id='word_1_300' title='bbox 207 2549 299 2580; x_wconf 79' lang='lat' dir='ltr'>immodestIe</span> <span class='ocrx_word' id='word_1_301' title='bbox 313 2550 387 2579; x_wconf 81' lang='lat' dir='ltr'>refellitur.</span> <span class='ocrx_word' id='word_1_302' title='bbox 407 2550 491 2587; x_wconf 78' lang='lat' dir='ltr'>Oonjecturu</span> <span class='ocrx_word' id='word_1_303' title='bbox 503 2551 521 2579; x_wconf 88' lang='lat' dir='ltr'>de</span> <span class='ocrx_word' id='word_1_304' title='bbox 534 2550 590 2579; x_wconf 81' lang='lat' dir='ltr'>lictore</span> <span class='ocrx_word' id='word_1_305' title='bbox 602 2551 670 2587; x_wconf 82' lang='lat' dir='ltr'>rejIcitur.</span> 
     </span>
     <span class='ocr_line' id='line_1_43' title="bbox 112 2596 671 2638; baseline -0.002 -10"><span class='ocrx_word' id='word_1_306' title='bbox 112 2598 190 2638; x_wconf 81' lang='lat' dir='ltr'>UsurpotIo</span> <span class='ocrx_word' id='word_1_307' title='bbox 200 2607 251 2630; x_wconf 82' lang='lat' dir='ltr'>vocum</span> <span class='ocrx_word' id='word_1_308' title='bbox 263 2596 307 2637; x_wconf 75' lang='lat' dir='ltr'>pice,</span> <span class='ocrx_word' id='word_1_309' title='bbox 318 2599 332 2626; x_wconf 92' lang='lat' dir='ltr'>et</span> <span class='ocrx_word' id='word_1_310' title='bbox 342 2597 379 2636; x_wconf 77' lang='grc' dir='ltr'>ᾅδειν</span> <span class='ocrx_word' id='word_1_311' title='bbox 389 2597 475 2638; x_wconf 80' lang='lat' dir='ltr'>defenditur.</span> <span class='ocrx_word' id='word_1_312' title='bbox 494 2598 554 2629; x_wconf 83' lang='lat' dir='ltr'>Phrnses</span> <span class='ocrx_word' id='word_1_313' title='bbox 564 2599 616 2637; x_wconf 69' lang='lat' dir='ltr'>nilque</span> <span class='ocrx_word' id='word_1_314' title='bbox 626 2599 671 2636; x_wconf 84' lang='lat' dir='ltr'>expli-</span> 
     </span>
     <span class='ocr_line' id='line_1_44' title="bbox 111 2647 716 2689; baseline -0.002 -14"><span class='ocrx_word' id='word_1_315' title='bbox 111 2647 286 2677; x_wconf 83' lang='lat' dir='ltr'>centurecdefcnduutur·</span> <span class='ocrx_word' id='word_1_316' title='bbox 307 2667 310 2674; x_wconf 89' lang='lat'>.</span> <span class='ocrx_word' id='word_1_317' title='bbox 367 2666 371 2674; x_wconf 82' lang='lat'>.</span> <span class='ocrx_word' id='word_1_318' title='bbox 428 2667 431 2689; x_wconf 70' lang='lat' dir='ltr'>f</span> <span class='ocrx_word' id='word_1_319' title='bbox 488 2667 492 2675; x_wconf 78' lang='grc'><em>,</em></span> <span class='ocrx_word' id='word_1_320' title='bbox 548 2668 551 2675; x_wconf 93' lang='grc'>,</span> <span class='ocrx_word' id='word_1_321' title='bbox 607 2667 611 2674; x_wconf 85' lang='lat'>.</span> <span class='ocrx_word' id='word_1_322' title='bbox 667 2667 671 2673; x_wconf 85' lang='lat'>.</span> <span class='ocrx_word' id='word_1_323' title='bbox 690 2648 716 2675; x_wconf 63' lang='lat' dir='ltr'>ont</span> 
     </span>
    </p>
   </div>
   <div class='ocr_carea' id='block_1_9' title="bbox 0 0 849 2935">
    <p class='ocr_par' dir='ltr' id='par_1_11' title="bbox 0 0 849 2935">
     <span class='ocr_line' id='line_1_45' title="bbox 0 0 849 2935; baseline 0 0"><span class='ocrx_word' id='word_1_324' title='bbox 0 0 849 2935; x_wconf 95' lang='lat' dir='ltr'> </span> 
     </span>
    </p>
   </div>
  </div>
 </body>
</html>
