1679 2935
232 227 307 255 CONTRA
315 225 416 254 testamur
428 225 550 255 emeremus.
666 222 701 259 125

80 322 166 369 Episcopi
179 321 342 368 oaroaoprapatoa
352 320 474 367 pa·cepoaere.”
501 318 593 358 Quaeritur
601 319 623 356 de
633 319 703 357 Sticho-

80 382 151 427 metma,
164 381 261 430 respondet
274 380 355 418 Dallaeus
366 380 388 417 de
400 380 558 428 Chronographia‚
568 381 591 417 ad
606 393 661 429 quam
672 381 704 417 illa

81 443 131 479 riullo
147 442 202 479 modo
218 444 292 490 spectat.
319 441 398 490 “Hujus
416 439 477 478 autem
494 440 648 489 Ghronographiae
661 438 703 489 pars

81 503 146 539 ultima
155 503 200 548 est,''
209 502 274 550 inquit,
284 492 333 538 “illa
341 514 352 537 a
360 502 412 538 nobis
424 502 498 538 laudata
511 500 645 548 Stiohometria,
655 515 703 538 eam-

82 576 116 612 que
122 562 183 601 Editio
189 561 281 600 Anastasii
290 562 362 600 exhibet
370 562 390 600 in
399 562 447 600 oaloe
457 563 562 600 Histon'aef’
575 563 601 600 At
608 564 703 612 quomodo,

82 637 148 672 quaeso,
159 624 293 660 Stichometriee
301 636 342 671 pars
351 626 379 659 est
388 622 546 672 Chronographiae,
556 624 627 671 quae'ah
636 636 657 660 ea
665 617 708 660 toto

82 685 127 722 coelo
136 684 203 721 distat?
229 684 296 721 Assuta
305 688 332 721 est
340 684 367 720 illi
376 683 448 732 quidem
456 684 477 720 in
486 684 582 721 (lodicibus
591 684 664 729 Graecis,
674 684 705 721 sed

82 757 120 782 uon
127 745 186 792 magis
193 745 232 792 ipsa
239 756 281 792 pars
290 747 318 781 est
327 743 486 791 Chronographiae,
496 745 550 790 quam
558 743 706 791 Chronographia

81 819 123 855 pars
132 807 159 842 est
169 795 306 842 Stichometriee.
332 804 387 854 Apud
394 805 512 841 Anastasium
523 811 584 842 alitem
596 817 620 843 ne
633 805 705 853 quidem

83 866 237 916 Ohrouographiae
249 870 277 903 est
287 866 378 915 adjunota,
389 865 424 910 sed
435 864 455 902 in
466 865 514 903 oaloe
527 866 705 904 Historia-Anasta·

83 929 143 975 sianae,
161 928 308 966 Patriarohanrm
324 926 409 965 Intlioulo
426 927 528 976 subjuncta.
560 928 667 965 Anastasius
682 922 708 977 uej

82 990 183 1039 Nioephori
192 988 314 1038 Chronologia
321 989 406 1037 loquitur,
417 1001 470 1037 quam
479 988 535 1037 Operi
544 1001 576 1027 suo
584 989 704 1038 proposuisse,-

50 1078 52 1081 .
86 1050 120 1097 (vel
127 1047 250 1098 praeposuisse)
261 1062 280 1085 se
288 1050 339 1085 dixit.
357 1049 407 1091 (auid
414 1046 450 1084 hoo
458 1049 482 1085 ad
490 1049 643 1092 Stiolrometriam,
651 1060 705 1095 quam

84 1109 140 1157 Operi
153 1105 186 1147 suo
199 1122 238 1146 non
250 1105 349 1157 praeposuit
357 1108 470 1152 Anastasius,
484 1120 539 1156 quam
550 1107 571 1143 in
584 1107 632 1144 ealce
644 1107 709 1144 Editio

83 1169 168 1207 exhibet?
194 1169 240 1207 ldeo
254 1168 423 1217 Chronographiam
434 1168 553 1216 praeposuisse
566 1180 585 1205 se
597 1167 642 1205 dixit
655 1165 706 1205 Ana-

84 1226 154 1276 stasius,
167 1226 189 1267 ut
202 1231 282 1267 Joannes
292 1229 391 1275 Diaconus,
405 1228 437 1277 qui
449 1226 594 1266 Ecclesiastioam
606 1229 707 1266 Historiam

84 1293 183 1340 scripturus
193 1295 237 1338 erat,
246 1303 269 1328 aa
277 1303 298 1327 eo
303 1286 364 1339 posset
373 1290 484 1339 aliquantula
492 1302 565 1338 coepere
570 1306 576 1334 ,-
589 1291 633 1339 quid
645 1289 706 1329 autem

84 1353 154 1390 confert
169 1352 297 1390 Stiehometria
311 1352 334 1388 ad
347 1351 494 1389 lloolesiastioam
508 1349 622 1388 Historiam?
646 1351 707 1399 Sorip-⁴
746 1394 749 1402 ζ

85 1412 129 1448 sisse
148 1411 205 1460 igitur
221 1411 347 1460 Nicephorum
366 1409 514 1449 Stichometriam
530 1409 638 1447 Anastasius
654 1408 707 1448 testis

83 1466 163 1509 nonest.

109 1534 143 1569 Rei
155 1534 210 1581 hujus
222 1533 288 1570 veritas
302 1534 345 1570 satis
358 1533 456 1570 innotescit
469 1545 491 1569 er
503 1533 541 1581 ipsa
555 1531 653 1581 Farragine
665 1536 706 1581 quae

86 1593 163 1640 Georgio
177 1593 261 1641 Synoello
273 1593 370 1640 subjuncta
382 1596 415 1638 est,
424 1596 443 1629 et
456 1606 478 1629 er
487 1590 567 1640 quinque
580 1593 660 1640 partibus
669 1593 706 1629 dis-

84 1651 147 1687 tinctis
167 1655 242 1697 constat,
264 1647 387 1701 Chronologia
406 1651 461 1698 brevi,
485 1652 600 1700 Genealogia,
622 1645 705 1690 Indieulo

85 1713 161 1760 Regum
171 1716 189 1749 et
205 1713 328 1758 Saoerdotnm,
343 1703 427 1749 Indioulo
440 1712 592 1757 Patriaroharnm,
601 1709 620 1749 et
634 1712 706 1755 Stichoss

84 1772 155 1809 metria.
188 1772 294 1809 Anastasius
314 1776 388 1809 tautum
404 1772 573 1821 Chronographiam
590 1769 664 1811 breuem
683 1774 705 1824 ab
725 1774 726 1777 ’
796 1786 800 1795 ’

58 1849 63 1852 ’
87 1833 157 1870 Adamo
166 1833 190 1870 ad
198 1828 319 1883 Theophilum
327 1826 431 1882 Nioephoro
439 1833 504 1871 tribuit
512 1849 515 1871 :
526 1829 655 1883 Genealogiam
663 1835 706 1873 huie

86 1894 159 1942 quidem
172 1894 272 1944 subjungit,
286 1895 317 1932 sed
328 1895 428 1944 Nicephori
436 1907 474 1931 esse
483 1907 521 1931 non
530 1891 607 1931 affirmat
611 1890 619 1942 5¹
631 1891 706 1945 eamque

86 1954 122 1992 duo
133 1956 194 1992 mss·
200 1956 317 1993 vetustissimi
327 1956 386 1993 Graeci
395 1956 504 1992 Oroniensis
518 1960 572 2003 atque
583 1951 706 1994 Londinensis

86 2027 124 2051 non
137 2019 241 2061 agnoscunt.
268 2015 372 2052 Indioulum
386 2016 458 2062 Regum
470 2018 488 2051 et
501 2015 620 2052 Sacerdotum
627 2011 706 2053 Anasta·
765 2020 767 2024 “

87 2074 124 2111 sius
142 2087 183 2112 oum
201 2075 318 2123 sequentihus
334 2078 375 2124 post
392 2075 494 2112 Historiam
511 2088 561 2120 snam
578 2075 617 2113 sine
633 2077 706 2114 nomine

86 2134 187 2182 Nicephori
198 2135 264 2182 posuit,
275 2147 328 2183 quem
339 2136 382 2171 MS.
393 2135 500 2172 Oromensis
510 2134 620 2180 nonhabet,
635 2135 716 2174 Sticho.

29 2233 31 2237 y
86 2194 171 2230 metriam
186 2194 265 2244 denique
278 2194 363 2232 indiculo
376 2194 527 2242 Patriaroharum,
543 2196 594 2233 nullu
607 2197 707 2245 Nicephorl
763 2185 765 2189 ¹

86 2256 179 2293 mentione
187 2256 241 2302 faeta,
251 2257 344 2306 subjungit
349 2273 355 2303 5
370 2269 445 2305 eamque
455 2256 601 2293 Stichometn'am
609 2258 651 2295 MS.
659 2259 707 2295 Oxo-

86 2316 154 2353 niensis
166 2329 205 2354 non
221 2317 308 2365 agnoseit⁴
340 2318 364 2354 ln
378 2321 418 2354 tota
430 2317 487 2366 igitur
500 2309 648 2367 haoFarraglne
660 2319 707 2355 nihil

86 2389 168 2425 unquam
180 2390 191 2413 a
199 2377 283 2426 quopiam
291 2374 395 2427 Nicephoro
404 2379 494 2415 tributum
506 2382 539 2424 est,
551 2382 617 2427 praeter
626 2380 706 2416 Chrono-

86 2435 154 2486 logiam
162 2438 184 2475 ab
193 2437 264 2475 Adamo
272 2438 295 2475 ad
303 2439 435 2487 Theophilum:
449 2440 471 2475 de
478 2452 513 2487 qua
521 2443 583 2476 tamen
591 2439 650 2475 adhue
658 2439 707 2477 haud

86 2496 178 2534 immerito
189 2499 269 2535 dubitari
281 2502 347 2546 potest,
360 2499 445 2547 quiequid
454 2500 508 2544 Gom,
518 2505 571 2546 quem
583 2493 708 2537 doctissimum

88 2557 165 2603 appellat
174 2558 259 2604 Dallaeus,
268 2558 339 2595 dixerit
724 2595 726 2597 ,

111 2614 142 2650 Ar
150 2627 190 2652 rem
197 2617 255 2668 ipsam
264 2617 312 2668 quod
324 2617 395 2664 attinet,
407 2617 503 2654 asserimus
514 2629 574 2667 neque
581 2617 707 2669 Nicephorum
714 2626 785 2666 Nicepho-

88 2674 218 2724 Patriaroham,
230 2692 288 2728 neque
297 2679 414 2717 Anastasium
425 2678 591 2727 Bibliotheoarium,
603 2692 626 2718 ne
636 2681 707 2719 Sticho·
714 2668 798 2734 ffiaffifl
