1679 2935
34 1258 86 1289 idonei

35 1300 78 1326 testas

34 1335 111 1372 scriptores

35 1372 112 1401 Ecclesias-

34 1409 62 1437 tici
69 1410 96 1439 Ve-

35 1448 77 1476 teres.

124 179 149 213 61
296 190 407 219 oscannum
419 192 453 220 rac
466 192 480 220 s.
489 191 563 220 10111010

123 278 179 325 debit,
187 280 326 330 plenissimeque
335 282 437 320 satisfaciet.
458 283 512 320 1111011
520 282 536 317 si
543 285 582 318 1010
590 282 649 318 multa
653 281 744 318 Veterum

123 339 234 386 testimonia,
243 345 317 390 tamque
330 343 418 391 apposita,
431 356 464 390 pro
472 342 501 377 his
509 340 595 389 Epistolis
605 340 670 376 afferre
678 340 746 388 poteri-

123 411 170 446 mus,
186 414 240 450 quarn
253 414 293 450 quae
306 403 327 440 10
340 404 379 440 aliis
393 402 497 452 hujusmodi
511 401 583 450 scriptis
597 401 717 445 stabiliendis,
727 405 745 437 et

124 463 176 496 extra
185 458 259 498 omnem
269 464 410 500 controversiam
422 463 511 512 ponendis
523 461 613 510 acceptari
626 461 649 497 ab
662 461 755 498 omnibus·

124 522 195 569 solent,
205 536 226 560 ac
235 524 289 562 simul
295 525 350 562 etiam
357 524 447 574 Epistolas
455 525 503 574 ipsas
511 524 557 561 tales
562 536 601 561 esse
608 523 746 570 ostenderimus,

124 585 145 617 ut
154 595 175 618 eo
183 583 223 631 ipso
231 584 277 621 Viro
289 585 349 633 dignae
357 585 458 632 videantur,
471 585 500 622 cui
509 597 519 621 a
527 584 625 622 Veteribus
633 583 746 630 tribuuntur,

124 643 207 691 nihilque
219 644 239 681 in
251 645 273 681 iis
286 646 360 682 omnino
373 646 467 691 contineri,
481 645 530 694 qnod
538 645 638 683 Auctorem
648 645 747 693 S.lgnatio

123 703 153 738 vel
161 703 222 739 minus
231 704 333 750 antiquum,
342 706 371 740 vel
382 706 442 740 minus
455 706 511 752 pium,
524 711 555 741 aut
565 705 675 752 prudentem
685 709 748 752 postuu

124 762 160 809 101,-
174 762 190 797 si
195 757 237 799 'haec
245 763 271 799 ita
281 765 424 812 tractaverimus,
434 768 455 802 ut
467 777 544 803 summae
555 766 631 803 testium
644 765 746 803 arretoritat'

124 824 151 861 rei
159 823 215 872 ipsius
224 824 304 873 dignitas
313 825 428 874 suffragetur,
437 825 484 862 nihil
494 826 515 862 111
525 826 561 863 hoc
569 826 674 875 disputandi
682 839 748 875 genere

125 885 201 923 ulterius
210 886 278 935 requiri
291 898 344 935 posse
356 886 469 923 confidimus.
495 887 561 935 Neque
570 888 630 935 aliqua
637 888 684 925 ratio
693 889 748 935 assig-

125 946 166 983 nari
173 946 245 994 poterit,
255 944 311 994 quare
319 946 378 984 ullum
385 947 456 995 antiqui
465 946 556 996 scriptoris
566 948 616 996 Opus
624 961 657 996 pro
665 948 748 995 legitimo

124 1006 219 1053 habeatur,
229 1007 245 1044 si
252 1007 292 1044 haec
301 1020 311 1043 a
319 1006 372 1044 nobis
379 1006 415 1044 rite
422 1007 499 1055 probata
507 1007 631 1055 repudienturt
647 1022 649 1026 ’

150 1067 178 1103 Ut
183 1067 241 1115 primi
249 1067 320 1114 generis
329 1068 445 1114 Argumenta
452 1066 544 1114 Epistulas
553 1066 575 1103 dc
584 1067 649 1115 quibus
656 1067 716 1115 agitur
725 1067 747 1104 ab

126 1126 200 1174 ignatio
212 1127 296 1175 Martyre
309 1128 420 1176 conscriptas
430 1127 486 1163 fuisse
495 1127 635 1173 demonstretur,
645 1141 667 1163 ex
678 1128 748 1164 idoneis

126 1187 236 1224 testimoniis
245 1200 313 1233 eorum,
321 1188 386 1237 quibus
395 1188 415 1225 in
422 1187 477 1225 rebus
482 1188 587 1237 hujusmodi
593 1199 625 1237 par
634 1191 661 1224 est
670 1188 748 1234 credere,

126 1248 146 1284 id
162 1249 239 1285 fideliter
256 1249 368 1297 firmiterque
385 1249 495 1296 colligemus.
521 1248 600 1286 Idoneos
615 1251 677 1285 autem
692 1252 748 1286 testes

127 1312 213 1356 putamus
222 1309 319 1357 scriptores
328 1309 465 1346 Ecclesiasticos
471 1309 553 1355 Veteres,
563 1309 595 1357 qui
603 1311 700 1356 antequam
710 1309 749 1345 hacc

127 1368 148 1403 in
156 1369 237 1405 Ecclesia
245 1373 289 1414 orta,
296 1372 328 1405 aut
335 1372 431 1416 postquam
440 1369 529 1416 aliquibus
537 1369 580 1405 01111
588 1368 631 1413 visa,
641 1371 669 1404 est
677 1372 748 1422 0011110.

128 1427 191 1474 versia,
201 1428 310 1466 sententiam
320 1440 376 1474 suam,
386 1433 407 1465 nt
416 1441 435 1465 se
444 1428 511 1465 obtulit
519 1428 594 1474 occasio,
604 1428 642 1464 sine
650 1428 688 1465 ulla
697 1428 749 1466 1111111-

127 1489 198 1525 tatione
207 1493 238 1525 aut
250 1489 363 1526 haesitatione
375 1489 496 1538 protulerunt.
523 1490 563 1525 Hos
576 1499 609 1537 ego
622 1491 677 1525 testes
689 1489 748 1526 incor-

127 1552 190 1597 ruptos
205 1549 294 1586 adducam
307 1553 365 1597 atque
371 1549 453 1597 integros
460 1564 465 1595 ;
479 1561 501 1585 011
513 1548 578 1586 horum
591 1549 663 1597 scriptis
676 1550 749 1586 indubi-

126 1608 175 1653 tatis,
191 1611 223 1645 aut
238 1608 260 1645 ab
274 1608 380 1657 importuna
394 1608 509 1645 dubitatione
524 1608 627 1653 vindicatis,
644 1609 750 1646 testimonia

125 1669 227 1716 proferam:
240 1669 295 1717 idque
308 1681 330 1705 ea
341 1669 432 1705 modestia
444 1668 578 1717 praestabimus,
586 1671 608 1705 ut
615 1668 685 1705 nullius
692 1669 749 1707 Vete-

125 1742 167 1766 rum
175 1730 229 1766 famae
237 1729 349 1774 detrahatur,
358 1729 427 1774 nullius
436 1730 506 1766 nomiari
517 1729 585 1777 injuria
595 1730 633 1774 fiat,
645 1743 677 1765 sua
685 1731 749 1778 cuique

126 1789 230 1835 auctoritas,
245 1789 302 1838 qualis
319 1793 338 1826 et
353 1793 422 1838 quanta
438 1789 458 1826 in
471 1789 553 1826 Ecclesia
565 1789 600 1826 Dei
611 1789 699 1826 hactenus
708 1789 748 1835 fuit,

125 1849 196 1886 illibata
209 1851 336 1894 conservetur,
350 1861 372 1884 ea
384 1848 426 1895 fide,
441 1852 463 1884 111
475 1848 569 1884 neminem
584 1847 656 1885 obtorto
669 1848 714 1886 00110
728 1849 751 1886 ad

124 1910 214 1957 judicium
229 1910 325 1946 ferendum
337 1910 437 1953 trahamus,
452 1908 514 1944 omnia
526 1909 580 1956 plane
589 1911 608 1945 et
623 1908 672 1945 nude
684 1921 749 1957 reprae-

128 1972 227 2015 sentemus,
234 1973 288 2017 prout
296 1969 317 2005 in
329 1981 392 2005 00111111
404 1968 475 2016 scriptis
487 1969 608 2016 reperiuntur.
634 1969 681 2006 Cum
693 1970 750 2017 igitur

128 2028 198 2076 Ignatii
205 2021 293 2075 Epistulae
301 2028 435 2076 decimoquinto
444 2028 509 2065 saeculo
515 2029 554 2076 jam
560 2029 599 2075 jam
608 2034 685 2066 exeunte
694 2034 750 2067 erutae

129 2087 148 2123 et
155 2088 248 2133 impressae
256 2087 335 2133 primum
344 2087 495 2133 ccnspiccrentm,
501 2091 519 2124 et
524 2087 573 2125 van'a
580 2088 675 2125 hominum
682 2089 751 2137 judicia

128 2144 245 2194 postmodum
258 2149 335 2193 expertae
348 2145 395 2191 sint3
408 2146 435 2183 ita
442 2146 530 2184 Veterum
542 2147 649 2184 testimonia
661 2148 750 2184 adducam

129 2209 185 2254 atque
194 2196 295 2254 disponam,
303 2208 325 2242 ut
334 2205 390 2252 omni,
399 2206 421 2243 ab
430 2205 469 2256 ipso
478 2220 513 2255 quo
526 2207 597 2256 scriptae
606 2212 650 2244 sunt
662 2212 749 2255 tempore,

130 2266 195 2304 saeculo
204 2279 260 2315 nsque
270 2267 292 2304 ad
300 2279 340 2304 eam
349 2271 421 2305 aetatem
429 2281 465 2316 qua
472 2269 564 2318 impressae
572 2269 684 2318 prodierunt,
691 2268 750 2306 arins

129 2327 213 2364 mammis
222 2328 292 2376 agnitas
300 2332 319 2365 et
327 2328 433 2378 approbatas
442 2330 543 2367 ostendam,
