1679 2935
228 226 300 254 oourun
312 225 414 254 tertullus
425 224 548 253 EXPUNGITUR.
662 214 698 254 153

79 320 139 368 qrritus
149 323 228 365 ittuntur,
242 323 262 356 ut
273 320 361 356 Circuitus
370 320 422 356 Petri
435 319 542 355 athutcutc
555 318 622 365 scripti,
636 330 669 365 quo
681 319 701 353 iu

79 381 129 425 utro,
137 380 202 427 praeto
214 381 260 416 ocris
272 380 339 416 relictis
349 383 412 416 ccctcrc
420 381 553 426 suumomcruut.
579 377 633 416 Quod
644 376 701 425 igitur

80 441 171 487 asseritur,
186 443 197 460 ‘¹
205 441 277 477 nnllmu
288 454 327 477 esse
336 453 399 478 eorum
409 440 497 477 librorum
507 452 551 494 quos
560 439 649 476 dumnut'’
664 438 701 474 Sti-

79 502 183 539 ohomctrire
191 502 266 548 Auctor,
281 504 292 521 ‘¹
301 501 323 538 de
335 514 371 550 quo
381 501 448 549 aliquid
460 501 518 538 similo
527 501 563 537 dici
573 500 649 548 possit,”
663 511 701 536 non

80 566 107 598 est
117 563 188 598 veritati
199 566 346 599 consentaneum.
596 553 599 556 ’

105 623 188 660 Secundo
197 622 322 661 defensionem
331 622 402 660 Usserii
412 622 478 672 rejicit,
489 623 538 671 quod
548 626 600 671 putet
609 622 701 670 Nicepho-

79 697 126 729 rum,
135 685 151 721 si
159 685 262 733 Ignatiana,
274 698 313 721 non
323 697 356 733 per
367 697 386 721 se
394 685 472 733 proprie,
483 685 515 721 sed
522 688 596 720 tantum
604 684 627 720 ob
636 683 702 719 additi-

79 745 111 791 tia,
121 748 139 781 et
151 744 262 794 interpolata
270 746 379 791 damnasset,
393 745 413 782 id
425 745 486 794 ipsium
496 746 565 792 testari,
580 757 669 793 suumque
680 744 702 780 de

79 805 127 842 libro
135 806 179 842 olim
187 801 263 853 probato
270 807 360 854 judicium
366 807 463 854 diligenter
471 819 549 854 purgare
554 806 641 843 voluisse:
654 805 702 841 idem

81 866 130 902 enim
137 866 158 902 iu
163 866 329 904 Constitutionibas
335 867 444 916 Apostolieis
452 868 535 904 fecerunt
544 867 625 903 Trullani
633 867 700 903 Patres.
709 873 769 902 Patinm

81 927 146 964 Mirari
159 928 202 964 satis
215 939 253 965 non
264 940 337 977 possum
351 929 398 965 hanc
407 927 448 965 Viri
460 927 557 965 doctissimi
569 925 701 976 iniquissimam
708 911 786 978 fflssssssssl

80 988 225 1036 postulationem,
234 994 255 1026 ut
265 989 333 1027 scilicet
343 989 475 1027 suchomeuiae
483 990 553 1027 Auctor
562 1002 634 1026 cainam
643 988 701 1037 enpri-
708 988 785 1055 lssffitffe

0 1091 1 1095 Ἰ
29 1100 31 1102 ¹
80 1048 143 1096 meret,
153 1063 207 1098 seque
216 1050 311 1099 diligenter
319 1056 411 1099 purgaret,
420 1044 436 1087 si
442 1051 465 1088 ob
474 1064 515 1087 eum
523 1063 596 1087 eausam
604 1050 702 1098 ignatiana
709 1065 773 1093 tionibus

82 1110 130 1147 inter
138 1111 248 1160 Apocrypha
261 1111 355 1159 relegaret,
369 1124 424 1159 quum
436 1112 494 1148 voluit
502 1111 592 1148 Usserius.
620 1111 640 1147 Si
653 1110 702 1147 enim
709 1103 780 1169 ffiffllffl'

82 1174 121 1207 tum
133 1171 194 1207 nobile
208 1171 301 1219 scriptum,
314 1176 332 1208 et
345 1172 367 1208 ab
377 1171 462 1213 omnibus
476 1175 570 1218 receptum
583 1171 703 1206 condemnare
730 1162 733 1169 ⁴

82 1230 144 1276 voluit,
151 1243 183 1266 our
190 1231 237 1267 hunc
245 1244 284 1267 non
292 1231 357 1278 minus,
365 1244 420 1280 quam
429 1232 482 1268 uliam
492 1243 617 1280 quamcunque
625 1242 702 1276 causam,

83 1304 137 1341 quam
150 1291 235 1330 habuisse
247 1292 335 1340 videatiu,
349 1293 425 1331 reticere
437 1293 511 1342 potuit?
538 1292 663 1331 Certissimum
677 1297 704 1330 est

83 1354 152 1401 ignatii
160 1355 251 1402 Epistolas
263 1367 295 1404 per
304 1356 373 1404 aliquot
382 1355 447 1392 saecula
459 1358 502 1392 ante
512 1366 588 1401 nonum,
601 1367 636 1404 quo
648 1353 704 1404 scrip-

83 1415 128 1453 sisse
137 1416 206 1453 Censor
215 1417 246 1452 ille
257 1418 368 1464 perhibetur,
380 1421 421 1453 tum
432 1416 454 1452 ab
463 1416 548 1452 omnibus
558 1416 656 1453 Catholicis
664 1419 705 1451 tum
733 1412 736 1420 ⁵

83 1476 138 1511 etium
150 1476 240 1513 haereticis
253 1477 384 1524 recentissimas
396 1476 457 1520 fuisse,
470 1480 488 1511 et
498 1476 625 1524 inter'seripta
637 1476 705 1512 Catho-

82 1535 118 1584 lica
125 1536 184 1582 primo
192 1536 232 1573 loco
240 1541 350 1573 numeratas.
377 1537 397 1573 Si
404 1537 461 1584 igitur
466 1536 499 1572 has
507 1535 632 1581 condemnare,
642 1535 704 1572 simul-

83 1607 118 1642 que
131 1598 143 1614 “
152 1596 232 1632 debitum
240 1597 339 1645 majoribus
349 1597 483 1633 reverentiam”
495 1600 586 1645 praestare,
596 1594 619 1632 ct
626 1597 704 1644 seipsum

84 1655 201 1704 “diligenter
213 1658 305 1708 purgme²⁷
318 1657 408 1704 voluisset,
419 1670 439 1694 eo
451 1657 509 1706 magis
521 1657 549 1694 sui
559 1656 623 1706 judicii
632 1669 704 1694 causam

83 1716 158 1754 reddero
180 1718 282 1765 tenebatur,
305 1718 320 1754 si
336 1723 358 1755 ut
378 1732 450 1767 prorsus
472 1718 595 1768 supposititias
612 1723 631 1755 et
651 1720 704 1756 fictus

84 1777 193 1826 abjiciendas
206 1779 271 1826 potius,
287 1792 341 1826 quam
354 1780 471 1827 interpolatas
487 1783 505 1815 et
519 1783 581 1815 unctas
593 1779 705 1827 respuendas

81 1838 182 1885 judicaret;
197 1839 315 1887 interpolatas
333 1840 383 1875 enim
396 1844 414 1875 et
426 1840 495 1889 spurius
505 1840 559 1890 pauci
573 1844 618 1877 uine
633 1852 654 1877 ao
666 1852 705 1878 mo·
730 1852 732 1858 ’

85 1899 142 1945 donn,
160 1912 189 1935 eas
206 1904 268 1936 antem
282 1913 327 1948 quas
347 1901 436 1949 genuinas
452 1904 543 1949 putamus,
561 1903 579 1938 et
595 1901 670 1949 plurimi
687 1906 705 1938 et

84 1961 202 1997 vetustissimi
214 1965 325 2008 receperant.
352 1962 389 1998 Sed
401 1974 464 1998 revera
474 1966 495 1997 ut
507 1962 602 2011 qnisquam
611 1963 642 2012 qui
653 1963 717 1999 Iudi.

85 2021 147 2058 culum
152 2024 226 2058 tuntum
233 2023 269 2059 sire
276 2022 418 2072 Ἀπαρίθμησιν,
424 2027 445 2059 ut
452 2025 511 2060 Graeci
516 2024 622 2071 loquuntur,
629 2025 707 2060 confecit

84 2080 173 2117 librorum
182 2081 314 2119 Canonicorum
323 2086 341 2119 et
349 2071 505 2132 Apocrypliorum,
515 2084 537 2120 de
545 2087 611 2120 natura
618 2084 706 2120 librorum

86 2154 129 2191 quos
146 2146 218 2181 tantum
234 2148 319 2181 numerat
336 2144 441 2193 disputaret,
459 2148 491 2182 aut
508 2145 530 2182 de
547 2144 607 2193 aliquo
621 2144 707 2194 peculiari

67 2194 69 2197 ⁸
85 2204 157 2251 scripto,
169 2217 201 2240 cur
212 2198 283 2241 eoloco
294 2210 397 2253 poneretur,
412 2206 502 2242 rationem
516 2205 605 2251 redderet,
619 2205 706 2243 hactenus

85 2264 138 2312 plane
149 2264 252 2301 inauditum
261 2269 294 2302 est.
320 2265 387 2314 Dispar
401 2266 457 2314 igitur
470 2267 524 2315 plane
534 2267 581 2303 ratio
593 2274 619 2304 est
627 2267 706 2304 Cononis

86 2325 173 2372 trullam,
183 2329 201 2362 et
212 2326 297 2371 indiculi,
309 2327 345 2364 siue
355 2327 493 2364 Stichometriue.
519 2328 552 2372 Ut,
562 2327 578 2364 si
586 2328 650 2364 Patres
658 2328 706 2363 illins

87 2385 164 2422 Conoilii
176 2397 254 2433 purgare
265 2398 284 2423 se
292 2387 387 2434 voluerint,
401 2387 450 2423 idem
463 2387 518 2423 etiam
531 2386 553 2425 alr
562 2387 640 2424 Auctore
651 2385 706 2435 hujus

86 2447 166 2483 indiculi
174 2446 226 2484 nobis
236 2448 377 2497 exspectandum
385 2460 423 2486 non
436 2448 465 2486 sit.
493 2448 529 2486 Sed
542 2460 575 2485 nec
586 2446 632 2484 illud
643 2460 706 2485 verum

87 2511 114 2543 est
128 2508 176 2556 quod
191 2508 254 2544 asserit
268 2509 355 2554 Dallaeus,
368 2509 431 2546 Patres
442 2509 536 2545 Trullanos
548 2508 589 2543 ideo
603 2508 705 2555 rejectionis

87 2567 245 2606 Constitutionum
253 2569 343 2607 rationem
351 2570 455 2615 reddidisse,
464 2573 485 2606 ut
496 2568 587 2616 judicium
598 2581 652 2605 suum
662 2582 705 2617 pur-

87 2632 162 2675 garent3
176 2630 228 2665 aliter
244 2631 294 2666 enim
310 2631 384 2666 omuino
399 2641 418 2665 sc
432 2641 461 2665 res
477 2628 546 2673 liuluiit,
560 2628 608 2675 quod
622 2628 706 2676 ignorare

87 2688 167 2734 Dullteus
175 2700 212 2725 non
220 2690 287 2737 potuit.
305 2689 380 2738 Recepit
388 2688 433 2724 illud
441 2688 543 2725 Concilium
553 2688 646 2738 octoginta
654 2691 708 2740 quiu-
