1679 2935
211 191 529 221 rsuuoo-oroursunmsmcnua.
597 166 599 172 .
642 186 682 222 253

60 288 117 324 Beato
134 282 220 331 Dionysio
235 281 354 318 serratarum.
379 282 405 318 Bt
417 272 481 317 rursus
495 280 554 329 capite
564 279 684 329 rhsphialas
713 288 715 290 ’
734 288 735 291 ’
769 288 771 291 ’

60 346 156 384 observans
166 355 176 379 a
185 346 262 391 quatuor
272 341 381 378 animalibus
392 344 462 390 septem
471 341 547 390 Angelis
559 340 616 387 datas,
627 340 684 388 δηλοῖ,

60 406 125 455 inquit,
139 402 160 441 τὸ
173 402 194 439 εἰι
205 404 240 439 τόν
252 399 329 452 πρόπαν
342 399 370 438 ἀεὶ
381 399 406 441 εἰς
414 399 438 439 τὰ
447 400 521 452 δεύτερα
533 399 686 450 staurothenta

61 463 155 519 πρακτέων
164 463 182 501 ἐν
191 461 271 513 οὐρανοῖς
281 460 440 513 μετοχετεόεσθαι,
452 460 500 500 κατὰ
510 461 542 500 τόν
552 460 609 510 μέγαν
622 461 685 500 Διονό-

60 534 106 563 ανον.
121 524 215 571 Sipaifiret
229 524 335 569 operatiorem
348 524 431 560 notitiam
441 525 461 560 ia
474 524 521 560 coetis
530 537 541 559 α
546 524 611 570 prioris
622 524 647 559 ed
658 537 685 560 se-

62 588 119 626 ουιιαα
127 584 211 630 derivari,
221 583 317 621 secuudum
331 595 414 632 respuere
427 584 539 633 Dionysiam.
566 584 611 621 Haec
624 587 685 622 austera

62 649 108 685 clare
121 644 219 684 ostendunt
233 644 336 682 Catholicos
346 645 449 693 nonnullos,
462 658 501 684 non
514 648 587 684 tantum
596 649 639 684 ante
647 655 684 684 sn.

62 711 103 752 630,
115 706 147 743 sed
158 710 177 743 et
190 717 223 753 per
232 709 298 742 totum
306 710 377 744 sertum
388 706 474 744 saeculum
484 706 611 756 Areopagitica
621 707 685 754 magni

62 769 164 806 aestimasse.
190 766 232 803 Hoc
247 770 309 803 autem
326 758 378 815 p1ius¹
394 767 522 814 demonstrato,
539 767 598 805 multo
614 768 684 805 facilius

62 829 139 865 alterum
151 825 266 876 probabilem·
277 827 345 863 scilicet
357 827 457 864 Auctorem
471 826 641 877 Areopagiticorum
653 827 685 864 diu

62 892 104 926 aute
118 900 187 925 annum
200 888 236 924 523
250 899 271 925 ea
282 888 364 925 edidisse.
390 888 427 926 Vix
439 888 489 926 enim
502 888 587 937 cuiquam
599 888 685 927 credibile

61 949 150 988 videbitur
161 947 249 987 tot=viros
262 948 342 986 eruditos
356 948 419 998 prima
426 948 469 987 libri
479 952 517 987 tam
528 948 612 987 inusitati
625 950 684 999 specie

61 1011 116 1048 tuisse
125 1010 201 1047 delusos.
218 1011 219 1014 ’
679 1047 681 1049 ,

85 1072 192 1110 Anastasius
201 1071 354 1109 Bibliothecarius
362 1071 383 1109 in
391 1072 473 1121 Epistola
485 1072 509 1109 ad
518 1074 588 1122 Regem
598 1073 683 1111 Ceuclum

62 1133 84 1170 de
92 1133 224 1181 Areopagiticis
233 1133 281 1178 data,
290 1134 312 1170 de
321 1134 407 1170 Editione
418 1134 503 1182 Dionysii
516 1147 526 1170 a
539 1147 558 1170 se
568 1134 682 1181 promulgata

61 1193 88 1229 ita
95 1192 180 1240 loquitur.
206 1194 308 1240 “Ipsorum
322 1196 383 1228 autem
396 1193 506 1229 scholiorum
514 1194 551 1229 sive
563 1194 683 1240 paratheseon

62 1267 171 1302 quacunque
187 1252 208 1289 in
224 1253 273 1290 calce
290 1253 318 1290 sui
334 1253 407 1302 signum
423 1253 497 1291 vivificae
514 1253 571 1291 crucis
587 1253 656 1290 habent
671 1267 682 1291 a

61 1314 83 1351 B.
88 1314 170 1351 Maximo
178 1315 283 1352 Confesscre
290 1319 309 1352 et
315 1315 408 1352 Monacho
414 1314 488 1351 inventa
494 1318 598 1352 narrantur.
613 1315 682 1352 Caetera

60 1387 101 1412 vero
111 1374 174 1413 Sancti
182 1375 194 1412 J
195 1374 258 1413 oannis
266 1374 426 1425 Sbythopolitani²³
438 1375 471 1426 (ita
478 1377 527 1413 recte
536 1374 603 1424 legiam
610 1374 630 1413 in
638 1375 681 1414 MS.
690 1382 702 1410 6.
709 1365 772 1412 Joanies

61 1435 166 1481 Osoniensi,
187 1448 225 1472 non
243 1437 403 1484 “Sycopolitani,”
420 1441 442 1472 ut
459 1437 491 1473 alii
507 1440 599 1486 corrupte!
611 1420 766 1488 legumuffiffill

61 1495 172 1532 “Antistitis
181 1507 220 1532 esse
228 1496 331 1533 feruntmss’
358 1497 438 1533 Joannes
451 1496 508 1544 igitur
523 1497 683 1545 Scythopolitanus

61 1557 134 1593 Scholia
141 1556 162 1593 in
173 1557 228 1604 libros
237 1557 322 1606 Dionysii
330 1558 407 1606 scripsit,
416 1558 439 1594 de
448 1571 483 1606 quo
491 1558 530 1595 haec
538 1558 594 1595 habet
604 1558 683 1606 Sophro-
726 1564 728 1566 '
767 1566 772 1573 “

60 1617 101 1653 nius
118 1617 297 1667 Hierosolymitanus
314 1618 422 1655 Patriarcha
439 1618 487 1668 apud
507 1618 594 1656 Photium
616 1618 690 1657 Codice

61 1678 130 1717 comm.
160 1677 244 1726 Ἰωάννης
256 1678 266 1716 ό
279 1678 298 1716 ἐν
311 1678 371 1728 ἁγίοις
383 1678 498 1720 Ἐπίσκοπος
510 1679 646 1722 Σκυθοπόλεως,
665 1680 684 1721 ὃς

61 1737 92 1774 καὶ
103 1737 150 1788 ὑπὲρ
158 1738 220 1786 τὴςέν
228 1738 336 1790 Καλχηδόνι
347 1738 424 1777 συνόδου
436 1741 498 1789 σοφός
508 1755 528 1776 τε
541 1738 572 1776 καὶ
583 1738 684 1789 θεοφρόνως
700 1735 702 1738 ¹

62 1796 172 1838 ἐσπούδασε.
187 1799 206 1837 S.
216 1800 294 1837 Joeaaes
307 1800 463 1849 Scythopolitoaes
472 1801 546 1839 antistes
554 1801 584 1850 qui
596 1802 685 1850 sapienter

63 1863 80 1895 et
82 1860 114 1906 pte
118 1872 154 1906 pro
160 1861 231 1908 Spaodo
239 1862 374 1898 Clreteeetoaeast
379 1862 456 1909 scripsit.
478 1862 547 1899 Contra
554 1862 603 1898 hunc
612 1862 683 1910 scripsit

62 1917 138 1957 Basilius
147 1921 199 1967 Cilix,
208 1919 232 1969 ἢν
238 1920 258 1958 δὲ
269 1919 319 1962 οὗτος
327 1920 337 1959 ὁ
346 1920 444 1962 Basileios
452 1920 583 1973 πρεσβύτερος,
596 1920 619 1963 ὠς
629 1919 683 1963 αὐτός

61 1980 112 2029 φησι,
125 1983 156 2030 τῆς
168 1981 208 2021 κατ’
221 1981 336 2034 Ἀντιόχειαν
348 1981 464 2030 'Baetasios
479 1980 637 2035 όρχιερατεόοντος
650 1982 683 2032 μὲν

13 2090 15 2093 v
61 2043 96 2078 τῶν
105 2042 163 2081 ἐκεῖσε
168 2045 282 2091 Φλαβιανοῦ,
287 2043 380 2093 Ῥωμαίων
388 2044 407 2082 δὲ
414 2043 540 2083 Ἀναστασόον
546 2043 684 2091 βασιλεύοντος.

61 2100 103 2139 Facta
117 2104 175 2143 auterre
191 2106 220 2143 tte
236 2107 317 2144 Basiliam
332 2107 434 2159 Presbyter,
448 2110 469 2144 at
480 2107 517 2154 ipse
530 2107 562 2152 att,
571 2106 685 2143 Antiocheae

61 2161 149 2210 Ecclesia,
165 2160 198 2214 pao
212 2169 393 2214 temporaraneum
405 2168 431 2202 ibi
439 2171 478 2203 eret
486 2168 597 2203 Paracata
606 2171 623 2203 et
633 2167 683 2219 Ανια-

62 2224 126 2261 storias
134 2226 193 2264 Rome
201 2228 307 2276 inperator,
316 2232 337 2265 ut
343 2229 399 2265 refert
407 2228 484 2265 Photius
494 2228 560 2265 Codice
566 2228 604 2271 cvii.
624 2227 684 2276 Scrip-

0 2329 2 2331 !
62 2281 85 2318 sit
97 2283 158 2334 itaque
171 2287 250 2326 Basilius
263 2289 295 2326 ille
308 2288 393 2326 adversus
408 2289 500 2325 Joannem
513 2288 684 2337 Scythopolitanum

63 2346 104 2380 ante
113 2358 182 2386 annum
193 2350 270 2398 Imperii
278 2349 394 2387 Anastasiani
402 2351 432 2394 21,
442 2362 477 2397 qno
490 2360 538 2385 anno
548 2348 644 2385 Flavianus
653 2360 683 2385 ex-

62 2400 121 2441 silium
129 2420 191 2456 passus
200 2414 232 2458 est,
241 2413 288 2447 teste
296 2409 412 2458 Theophane.
440 2409 475 2446 Vel
487 2407 544 2456 igitur
556 2411 599 2445 ante
610 2412 683 2450 sertum

62 2465 147 2503 saeculum
155 2470 184 2507 vel
192 2483 214 2507 eo
220 2472 260 2521 jam
267 2470 344 2507 ineunte
352 2469 423 2519 scripsit
430 2469 442 2505 J
443 2481 510 2507 oannes
518 2469 682 2518 Scythopolitanusz

63 2521 100 2560 Qui
108 2530 168 2565 autem
175 2531 272 2568 Scholiaiu
277 2530 378 2568 Auctorem
383 2529 466 2567 scribunt
471 2541 513 2566 eum
520 2541 553 2578 pro
559 2529 616 2566 ueteri
623 2529 684 2577 aliquo

62 2578 142 2631 habent3
156 2590 188 2626 diu
196 2592 258 2641 itaque
267 2597 310 2629 ante
321 2595 393 2628 sertum
402 2590 487 2628 saeculum
495 2589 538 2628 libii
546 2590 630 2639 Dionysii
639 2590 684 2627 editi

64 2647 112 2681 sunt.
177 2680 179 2685 .
450 2661 452 2665 ·
