1679 2935
215 190 240 217 sn
248 176 389 216 ‘onmenonmns
397 175 540 224 ’1111111111111111ν
647 178 684 214 227

64 284 114 323 nun
127 275 194 329 enini?-
210 275 245 318 ‘An
261 276 331 316 Ituffini
343 276 478 325 interpretatio
495 287 533 313 esse
549 277 614 324 potest,
632 266 687 324 qnam

65 348 84 383 S.
94 345 217 392 Hieronymus
230 353 241 375 a
254 332 312 376 semet
323 337 368 387 ipso*
375 337 443 374 iactam
455 349 493 374 nou
506 337 562 373 semel
574 338 658 382 testatur,
668 341 686 372 et

65 418 119 455 quam
132 404 164 440 diu
177 401 233 438 edidit
246 403 344 447 antequam
357 399 442 435 Rnffiuns
455 398 483 436 vel
495 409 553 435 unum
561 392 657 435 verbulum
665 408 687 433 ex

65 466 144 514 Origene
160 463 180 500 in
198 471 300 498 sermonem
313 459 402 497 Latinum
416 458 547 496 transtulerat?
573 458 604 495 An
618 456 688 494 Ruffini

66 539 104 564 esse
120 527 185 573 potest,
201 533 257 569 quam
274 521 358 556 Ruffinus
372 519 411 567 ipse
425 519 539 568 Hieronymo
552 519 623 562 tribuit,
637 518 688 555 etin

65 583 158 630 lnreetira
171 593 204 619 sua
217 579 261 617 adeo
273 578 367 627 exagitat?
393 579 458 616 Fateor
467 579 551 627 equidem
559 579 653 616 Ruffinum
665 578 689 615 ad

65 648 121 682 finem
131 654 178 692 pene
191 641 233 679 vitae
247 652 284 677 snae
295 640 458 689 Interpretationes
471 631 513 677 siras
528 641 562 678 sub
579 641 689 678 Hierenomi

66 704 139 742 nomine
153 701 234 738 edidisse.
261 700 298 738 Sed
309 701 344 737 hoe
357 701 379 737 de
393 700 480 738 Homiliis
492 701 513 738 iu
521 701 591 738 Lucam
604 700 639 738 diei
651 714 689 738 non

65 768 130 813 potest,
138 763 180 811 qnia
192 767 211 800 et
223 761 262 809 ipse
271 762 394 811 Hieronymus
400 775 433 800 eas
442 763 529 811 agnoseit,
539 767 557 800 et
566 762 599 799 sub
611 775 689 799 numero

67 823 186 872 Septuaginta
201 822 325 858 Herniliarum
338 835 349 858 a
361 834 380 859 se
392 835 485 859 versorum
497 822 554 872 ponit,
568 826 587 859 et
600 822 689 871 Prologus

67 883 176 932 Hieronymi
183 882 283 920 Inveetirae
291 882 449 920 Ruffiuiiusertus
458 883 531 931 legitur,
541 895 595 932 quam
604 883 689 920 ltuffinns

66 949 106 982 tum
118 942 194 991 scripsit,
200 955 245 980 eum
257 943 420 992 nullam'Origenis
429 944 529 981 Humiliam
540 943 637 992 attigisset,
647 956 689 980 eum

67 1006 133 1043 librum
148 1002 195 1054 Περὶ
207 1002 280 1055 Ἀρχῶν
293 1005 420 1043 tantummodo
431 1005 560 1052 transtulisset,
571 1005 611 1054 ipso
620 1005 690 1042 fatente

68 1066 185 1114 Hieronymo.
211 1065 242 1102 Ita
251 1064 301 1102 enim
309 1065 340 1103 ille
347 1064 465 1115 in'Apologia
474 1065 538 1114 prima,
547 1065 606 1114 “Ego
616 1077 648 1115 per
659 1068 690 1103 tot

68 1139 123 1163 annos
135 1129 174 1161 tam
188 1125 247 1161 multa
259 1129 366 1163 convertens
378 1138 473 1174 nunqnam
485 1125 570 1163 seandalo
582 1126 619 1177 fni:
632 1129 654 1163 tu
666 1126 690 1162 ad

66 1187 145 1235 primum
154 1190 172 1223 et
181 1187 240 1223 solum
248 1199 298 1235 epus,
305 1187 379 1235 ignotus
387 1187 442 1234 prius,
449 1186 553 1223 temeritate
557 1186 620 1222 raons
629 1199 648 1222 es
656 1199 690 1222 no-

67 1245 126 1283 bilis.''
145 1246 242 1282 Et'rnrsns
251 1246 335 1291 secunda,
346 1259 361 1283 e.
369 1247 399 1284 14,
409 1246 460 1283 “Vis
467 1246 566 1295 Origenem
574 1246 594 1283 in
603 1246 690 1284 Latinum

67 1307 150 1344 vertere?
163 1307 220 1343 hahes
235 1307 302 1343 multas
316 1303 407 1343 Heniilias
421 1307 462 1355 ejus
476 1309 495 1342 et
509 1306 580 1352 nomos,
593 1306 613 1343 in
626 1307 691 1354 quihus
744 1338 746 1340 .

67 1366 140 1404 moralis
151 1369 241 1404 tractatur
248 1367 304 1413 loeus,
314 1369 332 1404 et
346 1360 482 1416 Scripturarum
489 1367 595 1416 panduntur
603 1367 690 1405 obseura:
732 1396 735 1405 2

68 1428 106 1464 haee
113 1424 239 1475 interpretare,
247 1427 287 1465 haee
294 1427 402 1475 rogantibus
410 1427 476 1464 tribue.
503 1427 553 1466 Quid
563 1427 632 1475 primus
640 1427 692 1465 labor

68 1491 110 1522 tuns
118 1486 183 1535 incipit
191 1486 214 1524 ab
222 1486 298 1523 infamia
303 1487 327 1523 ?''
353 1487 457 1536 Antequam
465 1486 628 1536 igitmrquiequam
636 1486 692 1536 serip-

69 1547 120 1584 sisset
129 1548 219 1595 Ruffinus,
228 1548 281 1585 editae
290 1551 333 1585 sunt
342 1548 518 1595 Homiliae'Origenis
526 1547 546 1584 in
552 1549 621 1585 Lucam
629 1549 691 1586 Inter·
754 1576 756 1578 v

69 1611 119 1656 prete
128 1608 241 1659 Hieronymo
246 1624 251 1655 5
261 1608 329 1645 eadem
337 1608 357 1645 iu
365 1608 459 1646 Iuventiva
465 1607 535 1656 Ituffiui
543 1607 633 1657 sugillatae
642 1612 690 1655 snut,
721 1658 723 1661 ι

70 1668 166 1719 antequam
179 1670 264 1708 Ruffinus
278 1662 474 1719 quiequamOrigenis
487 1673 553 1718 praeter
565 1669 634 1707 librum
644 1668 692 1720 Περὶ

69 1728 141 1781 Ἀρχῶν
149 1731 169 1768 in
178 1731 266 1768 Latinum
274 1731 403 1768 transtulisset.
417 1753 420 1756 -

93 1791 119 1828 Et
133 1794 195 1829 tamen
210 1792 290 1830 Dallreus
303 1792 326 1829 ad
339 1792 375 1830 hoe
387 1791 479 1830 Blondelli
492 1792 583 1830 somnium
595 1792 767 1841 confugereadquam

70 1852 144 1889 tandem
152 1856 225 1890 coaetus
234 1856 267 1890 est.
292 1853 343 1890 Nam
353 1866 395 1890 eum
404 1856 416 1874 “
421 1853 491 1902 liquere
496 1855 508 1873 ”
521 1853 600 1896 dixisset,
609 1854 692 1890 “harum
699 1837 785 1904 ssgffiffip

72 1912 193 1949 Homtliarnm
202 1914 257 1948 alium
263 1913 318 1949 fnisse
325 1917 476 1961 auetoremquam
482 1913 598 1961 0rigenem,''
605 1912 625 1948 id
630 1916 693 1948 tamen
699 1912 767 1941 nollens.

71 1970 113 2008 viris
122 1973 197 2010 eruditis
205 1972 309 2021 persuaderi
317 1972 392 2010 minime
400 1972 479 2020 potuisse
485 1975 563 2023 putaret,
572 1972 634 2008 statim
643 1971 693 2008 addi-

72 2029 103 2076 dit,
113 2034 155 2069 “ne
163 2046 213 2070 nuno
220 2032 266 2070 illud
275 2032 354 2079 afferam,
364 2033 412 2085 quod
421 2032 464 2070 satis
474 2035 545 2070 constat
555 2032 642 2085 ‘Origenis
654 2045 693 2082 quae

72 2090 137 2129 Latine
151 2097 224 2131 tanturn
238 2096 315 2141 exstant,
329 2107 340 2130 a
354 2094 428 2131 Ruffino
441 2097 460 2131 et
473 2094 512 2131 aliis
525 2093 655 2143 interpretibus
667 2094 694 2132 ita

71 2151 127 2190 fuisse
132 2153 248 2203 interpolata,
256 2157 278 2192 ut
286 2168 308 2193 ex
316 2154 339 2191 iis
349 2155 379 2192 111
387 2158 436 2192 certo
444 2155 501 2204 pessit
512 2155 591 2204 intelligi
599 2155 643 2205 quid
651 2168 693 2194 rere

72 2211 96 2248 sit
109 2214 245 2263 Origeuieum.”
271 2216 319 2253 Cum
334 2219 404 2253 eertum
413 2216 482 2254 sitnon
495 2216 589 2253 Ruffinum
598 2216 630 2253 sed
638 2217 692 2253 Hier-

73 2282 160 2320 onymum
165 2276 231 2313 harum
240 2275 363 2313 Homiliarnm
373 2277 411 2312 esse
419 2275 541 2323 interpretem
546 2290 552 2321 ς
565 2275 630 2312 sivero
637 2276 692 2311 Hier-

73 2341 160 2379 onymum
168 2335 217 2373 inter
226 2338 237 2355 “
244 2336 288 2372 alios
296 2335 405 2382 interpretes
410 2335 423 2353 ’'
431 2339 493 2382 ponat,
503 2335 534 2382 qui
547 2335 645 2381 Origenem
653 2339 692 2371 tarn

73 2388 120 2429 frede
127 2392 265 2443 interpolarent,
271 2394 367 2432 manifesta
373 2397 401 2430 est
407 2393 502 2430 calumnia.
521 2393 615 2440 Habemus
623 2406 691 2432 noven-

74 2449 131 2489 deeim
138 2454 228 2493 Homilies
233 2455 317 2504 Origenis
323 2454 343 2490 in
349 2455 360 2490 J
362 2454 447 2491 eremiam
453 2454 516 2491 Graece
523 2468 527 2489 :
536 2453 624 2491 habemus
629 2467 692 2492 earnm

74 2509 168 2550 duodecim
179 2527 201 2552 ex
212 2514 364 2564 Interpretatione
373 2513 482 2562 Hieronymi
492 2513 568 2559 Latine,
581 2513 620 2551 haee
631 2512 693 2552 autem

74 2567 199 2627 interpretatio
212 2580 251 2611 tam
263 2576 311 2611 bene
324 2574 391 2609 Graecis
404 2574 506 2621 respondet,
521 2578 543 2609 ut
560 2574 613 2610 aliam
628 2575 693 2610 addere

75 2625 154 2694 Huetius
162 2635 284 2673 necessarium
290 2646 328 2672 non
336 2633 409 2683 putarit,
418 2633 497 2682 adeoque
505 2645 535 2671 eas
544 2633 626 2679 ediderit,
632 2634 693 2672 Inter-

514 2696 550 2738 oa
