1679 2935
250 216 274 244 an
286 215 428 244 aucurrrournus
439 215 556 250 uunromon.
680 207 716 244 167

96 305 305 355 ἘπιστολὰςἸγνατίου
311 305 344 346 τοὶς
351 304 466 357 πεμφθείσας
471 304 514 353 ἡμῖν
519 303 549 341 ὑπ’
557 303 716 350 adiuuantium
723 313 758 342 satis

96 368 141 409 ὅσας
148 367 219 419 εἴχομεν
225 366 268 419 παρ’
274 366 322 416 ἡμῖν,
329 366 439 417 ἐπέμψαμεν
444 365 491 415 ὑμῖν,
499 364 558 407 καθώς
565 363 684 412 ἐνετείλασθε,
690 365 717 403 at-
724 351 788 380 absurde.

97 444 143 468 rives
155 427 299 476 ὑποτεταγμέναι
312 427 349 466 εἰσὶ
361 430 382 477 τῇ
395 427 499 476 Ἐπιστολῇ
512 429 574 476 ταντῇ,
582 420 605 474 ἓξ
613 424 637 463 ὧν
645 426 718 474 μεγάλα

97 488 212 540 ὠφεληθῆναι
224 488 330 536 δυνήσεσθε·
341 488 449 540 περιέχουσι
461 487 496 538 peip
504 487 570 525 πίστιν
578 486 609 524 καὶ
620 485 717 535 ὑπομονὴν,

97 548 207 600 καὶπᾶσαν
221 548 316 596 οἰκοδομὴν
329 549 362 596 τὴν
376 548 401 590 εἷς
416 549 447 587 τὸν
462 547 530 598 Κύριον
543 547 594 595 ἡμῶν
608 546 717 595 ἀνήκουσαν.

97 611 143 647 Haec
149 610 203 647 verba
210 623 249 660 quae
257 623 307 647 nuno
313 610 334 647 in
339 610 418 647 Eusebio
426 609 503 659 legimus
510 608 532 645 ab
541 608 580 658 ipso
587 608 642 645 firisse
651 608 718 657 seripta

96 684 134 708 non
148 671 261 718 dubitamus:
275 671 300 708 sic
313 671 362 708 enim
375 683 397 708 ea
410 670 459 707 intra
472 682 529 706 annos
539 669 603 706 mxxv
616 681 626 705 a
638 668 717 715 Ruffino,

95 732 138 769 licet
152 732 271 781 negligenter,
285 745 336 770 versa
350 732 437 769 videmus.
466 732 541 768 Mittam
554 730 602 767 nobis
619 734 636 767 et
647 720 718 778 'Ipnatii
756 743 761 746 ¹

96 793 193 841 Epistoias,
202 798 220 831 et
232 795 278 830 alias
290 794 306 830 si
319 805 356 841 qnae
368 794 409 839 sint,
419 792 494 841 qinom
505 804 536 829 nos
550 791 657 828 transmisse
665 794 717 834 siint;

96 866 119 890 en
132 854 193 901 qaibns
205 856 301 898 utilitatem
313 855 409 890 monimum
424 854 506 900 capiatis.
533 853 626 888 Continent
638 853 684 887 enim
697 852 718 887 de

93 913 131 960 fide
145 918 163 950 et
175 914 265 961 patientia
278 915 411 950 instructionem
423 911 523 960 perfectam
539 912 632 948 memmium
645 911 718 948 Domini

93 980 205 1022 preceptum.
233 974 332 1012 Eusebium
353 987 375 1011 ex
395 973 477 1023 Epistola
498 972 598 1022 Polycarpi,
616 985 656 1022 quae
672 975 717 1009 tunc

97 1035 179 1072 omnium
193 1035 277 1073 manibus
292 1035 389 1081 terebatru,
403 1035 443 1072 haec
459 1033 498 1083 ipsa
513 1033 568 1071 verba
584 1032 730 1082 transcripsisse

97 1096 196 1140 credimus;
210 1100 250 1133 tum
264 1097 312 1145 quod
324 1096 362 1145 ipse
374 1097 409 1132 hoc
422 1099 495 1140 asserat,
510 1098 551 1131 turn
564 1094 613 1142 quod
626 1094 647 1130 in
661 1094 718 1130 veteri

96 1157 170 1204 vulgata
177 1157 266 1194 Versione
274 1157 361 1205 Epistolae
371 1158 389 1193 S.
397 1155 493 1204 Polycarpi
505 1156 544 1191 hmo
556 1155 657 1191 etiamnum
668 1155 718 1201 lega-

97 1230 144 1264 mus,
157 1218 249 1265 Epistolns
262 1230 304 1254 sane
315 1217 383 1266 Ipnatii
396 1229 433 1265 quoe
448 1215 555 1252 transmisse
569 1218 610 1250 snnt
621 1214 670 1250 vobis
679 1214 718 1263 (pro

97 1277 152 1327 raetis)
163 1278 185 1315 ab
194 1291 219 1324 co,
229 1281 246 1315 et
254 1279 300 1315 olias
309 1281 450 1326 quantoscunque
459 1276 507 1324 apmd
514 1288 546 1313 nos
554 1275 650 1320 tobnimns,
660 1278 718 1312 trans-

96 1340 175 1375 misinms
188 1340 242 1386 nobis,
254 1341 348 1376 secandam
362 1339 409 1387 qnod
419 1338 524 1383 naonoiostis,
535 1349 572 1384 price
585 1340 626 1372 snnt
637 1336 718 1383 sabjecta

97 1401 137 1436 liiiio
145 1401 230 1446 Epistola
236 1416 243 1442 .·¹
255 1408 277 1436 en
286 1400 347 1446 quibam
355 1412 428 1446 onopnns
436 1399 484 1435 nobis
493 1399 527 1434 erit
535 1397 631 1444 profectas.
659 1398 718 1433 Gonti-

96 1463 138 1496 nent
146 1460 192 1496 enim
196 1459 257 1507 fidem,
263 1460 375 1509 patientiam,
385 1462 402 1495 et
410 1470 476 1495 ornnem
485 1458 518 1493 cedi
532 1458 617 1493 notionem
626 1457 651 1492 ait
657 1457 719 1492 Domi·
729 1460 733 1470 ³

96 1531 138 1556 nam
150 1523 229 1556 nostram
239 1521 363 1567 pertinentem,
376 1523 417 1555 tum
431 1518 510 1566 denique
527 1517 576 1566 quod
590 1517 672 1563 Photius,
687 1517 718 1565 qui

96 1580 144 1617 hano
156 1580 213 1628 ipsam
225 1580 327 1629 Epistulam
339 1580 389 1629 legit,
398 1582 417 1616 et
425 1582 520 1628 tantopere
528 1577 613 1624 laudavit,
623 1577 671 1614 idem
679 1589 717 1613 non

96 1639 171 1676 obscure
179 1643 262 1686 testetur,
272 1652 314 1676 cnm
323 1640 354 1684 ait,
363 1639 418 1686 Λέγει
427 1637 487 1675 δὲκαὶ
496 1636 528 1678 τὰς
536 1636 649 1677 'Enoc-route
657 1635 717 1676 αὐτοῖς

95 1698 185 1747 Ἰνγνατίοο
190 1701 221 1737 τοῦ
227 1698 320 1750 Θεοφόρον
326 1698 468 1745 ἀπεσταλκέναι,
476 1699 520 1735 dicit
526 1701 584 1734 antem
591 1698 714 1746 (Polycarpus)

96 1773 114 1797 se
123 1762 176 1798 etiam
183 1761 251 1809 Ipnatii
261 1761 358 1808 Theophani
365 1760 457 1808 Epistolos
469 1760 513 1806 ipsis
526 1759 649 1796 transmisisse.
675 1759 717 1795 Hoc

96 1822 171 1857 unicum
191 1822 317 1857 testimonium
338 1833 360 1856 ex
376 1820 472 1867 Polycarpi
490 1819 573 1866 Epistola
590 1819 716 1866 depromimus,

97 1881 145 1929 quod
153 1880 292 1929 integerrimum
304 1893 343 1917 esse
355 1883 446 1929 putamus,
456 1883 475 1916 et
484 1879 513 1916 oui
520 1879 572 1915 nulla
579 1892 660 1928 unquam
668 1878 717 1915 labes

97 1955 168 1990 aspersa
182 1945 209 1978 est
223 1945 321 1990 autequam
335 1955 346 1977 a
356 1940 423 1977 nostris
435 1952 468 1988 pro
477 1939 579 1988 Ignatianis
592 1939 715 1976 adduceretur.

98 2001 146 2038 Satis
154 2001 210 2050 igitur
218 2014 251 2038 nos
259 2001 307 2050 ipsos
316 2014 327 2037 a
334 2000 423 2037 mendacii
432 2000 507 2036 erimine
515 1999 571 2036 tutati
579 2012 646 2036 sumus.

122 2063 141 2098 S.
150 2062 270 2110 Polycarpum
282 2062 316 2109 ipsi
329 2061 351 2098 ab
360 2060 410 2097 omni
418 2060 519 2108 suspicione
526 2059 609 2105 liberant,
618 2059 660 2095 ideo
668 2059 717 2095 enim

96 2122 160 2158 volunt
171 2122 211 2171 hpec
224 2134 234 2157 a
245 2121 344 2169 Polycarpo
356 2120 432 2156 minime
445 2119 512 2168 scripta
519 2119 580 2165 fuisse,
590 2119 638 2168 quod
647 2119 669 2155 ab
678 2119 717 2167 ejus
737 2117 741 2123 ’

96 2182 194 2231 prudentia
202 2185 256 2232 atque
265 2182 362 2220 sanctitate
370 2194 391 2219 ea
399 2174 478 2219 maxime
491 2181 587 2219 abliorrere
600 2180 716 2218 arbitrantur.

98 2244 147 2283 Quid
159 2244 228 2293 igitur?
242 2257 266 2281 an
277 2243 366 2281 mentitus
379 2246 406 2280 est
414 2242 510 2289 Eusebius,
519 2247 537 2280 et
546 2242 628 2290 eapnobis
636 2242 716 2288 tradidit,

98 2318 138 2352 qnae
149 2305 170 2340 in
177 2305 260 2352 Epistola
268 2304 363 2352 Polycarpi
376 2316 409 2339 sua
422 2307 475 2339 aetate
487 2303 562 2339 minime
574 2302 716 2350 comparebant?

97 2364 128 2400 An
136 2364 167 2401 ille
172 2364 259 2408 Lectores
265 2363 327 2400 fallere
333 2363 410 2401 voluisse
417 2363 509 2413 putandus
518 2365 545 2399 est
553 2362 573 2398 in
581 2375 601 2398 re
608 2364 717 2410 tamaperta

97 2428 116 2461 et
124 2424 207 2462 omnibus
215 2428 260 2461 tunc
268 2418 355 2472 temporis
363 2422 471 2461 notissima?
496 2424 564 2460 Nonne
571 2422 654 2471 Epistola
662 2422 716 2470 Poly-

97 2486 146 2534 earpi
160 2486 180 2523 in
193 2489 284 2530 conventu
296 2485 346 2522 Asiae
359 2485 430 2533 publice
444 2485 492 2521 lecta
504 2484 544 2529 fuit,
560 2496 601 2520 cum
615 2483 716 2520 Historiam

97 2558 149 2583 suam
158 2547 247 2585 scribebat
255 2546 356 2584 Eusebius?
381 2545 413 2583 An
421 2544 531 2582 sententiam
541 2544 589 2582 bene
596 2544 670 2592 longam
678 2544 717 2593 ipse

97 2606 210 2643 comminisci
217 2607 279 2652 voluit,
289 2610 307 2643 et
319 2606 406 2655 Epistolae
418 2606 503 2652 inserere,
517 2605 540 2640 ad
551 2605 607 2641 fidem
616 2605 717 2653 Ignatianis

97 2664 204 2722 faciendam
222 2668 258 2706 suis
276 2667 409 2717 derogandam?
436 2667 477 2705 Hoc
494 2666 549 2704 etiam
565 2666 620 2704 nimis
637 2677 717 2704 crassum
