1747 2957
186 159 225 197 aio·
351 169 632 202 ’1111111011111111110110111
665 172 669 199 ι

374 685 376 701 ÷
449 644 503 690 cir.
517 644 552 680 11,

189 759 294 796 Testinronin
303 760 321 796 S.
330 761 449 809 Ohrprostonn
460 764 481 798 ab
490 764 614 810 objectionibus
624 764 742 802 vindicantur.
767 764 809 800 Pri-

210 832 257 856 11111111
265 822 285 858 in
293 822 404 869 Pnncpprieo
413 835 435 859 en
443 823 526 870 Epistola
532 825 557 860 nri
563 825 658 861 Roninnos.
678 826 814 872 Oiarpsortonnns'

210 880 302 927 Epictetus
310 882 378 929 tpnntii
386 894 417 919 nec
425 884 519 930 iprenrnnit,
529 895 560 920 nec
567 885 675 931 eontennrsit.
701 884 810 921 Sententiam

195 948 197 953 '
211 941 590 992 1111111Α1111,1111111Ε11111ο1111111111111.
610 944 709 992 Cyprianus
716 956 727 981 a
735 945 810 992 Cirnen-

211 1006 265 1040 stono
281 1004 369 1051 inritatae.
404 1005 503 1042 Scenndnnn
518 1017 540 1041 en
549 1006 636 1053 'Epistola
649 1006 674 1042 nri
684 1006 815 1053 Poimanenon·

214 1062 282 1109 Oratio,
296 1065 343 1114 qnoet
353 1076 398 1101 1111111
411 1065 435 1101 sit
449 1066 469 1102 V.
479 1069 496 1101 et
507 1065 532 1101 N.
543 1066 649 1102 Testamenti
662 1069 724 1102 ornator·
735 1066 809 1113 Clupea-

212 1126 266 1160 rtonio
276 1124 376 1162 ascribitur.
396 1124 505 1182 Oorp'eetnris
514 1124 579 1162 Sintai
587 1129 604 1162 et
615 1125 682 1174 Usserin'
689 1126 810 1173 respondetur.

97 1249 182 1279 narrante
189 1244 232 1281 Duo
244 1246 355 1283 Testimonia
368 1259 377 1283 e
386 1247 407 1294 ⁴S.
416 1247 544 1294 Chrysostomo
560 1245 659 1291 eduximus,
672 1246 720 1283 licet
730 1245 810 1282 Dallaeus

97 1287 175 1354 {pfflffl'
189 1304 328 1342 Hammonium
339 1307 402 1343 landet
415 1307 463 1354 qnod
477 1307 526 1343 hunc
540 1310 606 1343 testem
618 1307 698 1343 omiserit
704 1322 710 1352 ,·
724 1310 742 1342 ct
757 1307 776 1343 in
790 1319 810 1344 eo

97 1363 155 1400 cipitur.
190 1366 268 1403 maxime
276 1366 377 1416 triumphet
386 1367 434 1416 qnod
441 1367 461 1403 in
469 1367 555 1416 praeclara
564 1367 656 1414 Oratione,
666 1380 720 1417 quam
729 1367 751 1403 de
760 1368 811 1404 ilar·
845 1401 847 1405 ,

190 1427 238 1475 tyrio
248 1429 266 1464 S.
272 1428 342 1476 Ignatii
354 1428 424 1473 habuit,
433 1428 556 1476 Epistolarnrn
568 1429 607 1476 ejus
617 1429 688 1464 nullam
698 1428 811 1465 mentionem

189 1487 253 1524 fecerit
258 1503 264 1533 3
277 1488 356 1536 indeque
365 1488 443 1535 colligat,
457 1492 488 1524 aut
501 1500 543 1524 enm
551 1488 592 1524 illas
601 1489 700 1536 ignorasse,
710 1488 811 1536 [1110111111-
872 1498 874 1531 1

190 1546 248 1584 simile
261 1560 299 1584 non
313 1552 346 1594 est,
360 1552 392 1584 ant
407 1548 541 1597 contempsisse,
556 1549 604 1597 quod
616 1548 677 1597 potins
691 1548 811 1597 amplectitur,
872 1538 873 1569 f

97 1606 175 1673 glffiin
189 1608 270 1657 adeoque
278 1609 348 1657 Ignatii
355 1622 398 1646 rere
406 1621 445 1645 esse
453 1621 492 1646 non
499 1612 577 1657 putasse.
603 1610 643 1646 Nos
657 1613 718 1646 autern
731 1609 810 1645 disertis.

97 1682 165 1711 Oratione
189 1669 812 1718 srmamsententiamadrluximus,quamOhrysostomusinillaipsa
872 1705 874 1716 ,

96 1720 181 1794 {isslsslfglssa
189 1729 276 1767 Oratione
289 1743 310 1766 ex
323 1730 406 1778 Epistola
418 1729 441 1766 ad
450 1730 542 1766 Romanos
550 1730 664 1778 transcripsit
668 1745 674 1775 ς
687 1743 746 1778 neque
755 1730 811 1778 igitur

97 1795 176 1831 tiihpisto-
189 1800 229 1825 eam
242 1789 337 1836 ignorarit,
352 1801 411 1836 neque
426 1788 536 1836 contempsit
543 1803 548 1832 5
561 1789 599 1825 imo
612 1801 645 1835 pro
658 1802 700 1826 vere
713 1789 812 1836 ignatiana
872 1807 874 1839 j

96 1831 258 1899 ffiffiffl'habuit,
272 1850 325 1887 aliter
338 1863 433 1899 nunquam
448 1849 468 1886 in
481 1849 573 1898 Panegyri
586 1849 642 1887 rerba
656 1850 695 1899 ejus
712 1850 810 1887 recitasset.

96 1909 149 1938 laudat.
188 1911 250 1958 Negat
257 1912 292 1949 Vir
306 1911 420 1948 doctissimus
434 1910 569 1958 transcripsisse
583 1923 605 1947 ex
619 1911 707 1958 Epistola,
722 1922 744 1946 ex
758 1911 810 1947 Actis

188 1975 241 2019 putat
255 1971 345 2009 habuisse.
371 1972 430 2019 Cogor
444 1971 506 2020 itaque
523 1971 588 2020 saepins
600 1983 693 2019 reponere,
709 1970 757 2008 Acta
771 1984 811 2020 qnae

189 2031 284 2067 exstabant
293 2035 346 2067 aetate
353 2031 479 2079 Chrysostomi
484 2031 535 2067 illam
542 2031 652 2067 sententiam
658 2031 733 2067 minime
742 2044 810 2067 memo-

188 2102 249 2127 rasse:
262 2091 361 2139 posteriora
370 2093 436 2138 autem,
445 2094 486 2137 post
495 2091 533 2137 ejus
542 2094 621 2127 mortem
628 2091 732 2138 composita,
742 2090 811 2138 ignatii

190 2150 239 2186 dicta
247 2163 269 2187 ex
274 2150 361 2198 Epistolis
369 2149 456 2186 hausisse.
477 2150 558 2186 Alirmtle
566 2150 623 2198 igitar
630 2163 684 2198 qnam
693 2164 715 2187 ex
722 2151 809 2199 Epistola,

190 2224 245 2259 qnam
259 2207 307 2247 tune
321 2210 410 2246 exstitisse
426 2213 466 2245 tum
483 2209 532 2254 alibi,
549 2213 590 2246 tum
605 2210 695 2258 praecipue
708 2211 810 2248 Antiochiae

189 2285 252 2310 omnes
264 2265 351 2317 fatentur,
363 2271 402 2307 haec
410 2269 465 2307 verba
475 2269 556 2307 hausisse
566 2271 720 2320 Ohrysostomum,
734 2273 809 2309 “hario-

188 2334 222 2370 11111
231 2333 314 2370 frivolum
324 2335 342 2369 et
350 2331 434 2380 ineptum
443 2330 489 2367 est.”
515 2331 559 2367 Non
568 2332 611 2368 dicit
620 2331 693 2380 quidem
703 2334 768 2371 Orator
778 2333 809 2369 ille

188 2407 270 2431 summus
283 2405 326 2430 eum
338 2390 441 2440 scripsisse:
454 2394 528 2427 tantum
536 2389 643 2440 ἐφθέγξατο,
653 2393 720 2430 iocatus
732 2397 764 2438 est,
773 2392 809 2429 ait:
843 2410 845 2412 >

188 2454 242 2502 plane
253 2457 274 2490 ut
286 2452 328 2489 alias
337 2452 387 2489 solet.
414 2451 445 2487 Ita
453 2450 536 2487 Homilia
543 2451 638 2488 undecima
649 2452 669 2488 in
677 2452 778 2502 Epistolam
787 2451 810 2488 ael

187 2516 283 2563 Ephesios,
290 2513 334 2563 ἀνὴρ
343 2513 361 2550 δέ
370 2528 397 2553 τις
407 2511 457 2561 ἅγιος
467 2510 506 2549 εἶπέ
515 2525 533 2548 11
540 2511 603 2550 δοκοῦν
612 2512 753 2563 εἶναιτολμηρόν
760 2504 810 2559 nitrio

188 2573 230 2612 ἀλλ’
237 2573 284 2622 ὅμως
292 2573 398 2624 ἐφθέγξατο
413 2571 432 2610 τί
439 2571 460 2620 δὴ
470 2570 523 2610 τοῦτο’
532 2571 595 2617 ierim
608 2571 649 2610 οὐδὲ
657 2572 756 2625 μαρτυρίου
765 2572 810 2621 aina

172 2664 174 2668 ·
188 2635 254 2682 ταύτην
266 2634 353 2673 δύνασθαι
362 2633 465 2684 ἐξαλείφειν
472 2632 505 2682 τὴν
513 2631 603 2684 ἁμαρτίαν
612 2632 673 2684 ἔφησε.
697 2636 730 2672 tar
738 2635 809 2682 patiani
