1679 2935
274 202 297 228 aa
309 200 452 229 srcrrrroursus
464 199 581 228 rrnuronrnn.
702 193 736 231 163

100 284 101 287 Ἰ
115 289 153 342 ejus
168 289 222 342 opera
236 292 275 330 haec
288 294 371 342 Epistola
384 297 472 341 tanquam
487 293 577 341 praecipua
591 305 661 341 semper
674 305 738 330 nume-

106 356 154 390 rata
163 356 195 390 est.

139 414 231 450 Adversus
247 415 295 450 hane
311 415 397 462 Epistolrc
414 413 550 462 Polycarpianae
566 413 698 458 auctoritatem,
714 413 736 449 ab
745 415 824 461 Auctorita-

115 473 200 510 0mnibus
216 477 313 522 receptam,
329 473 426 510 anemine
441 478 495 519 certe,
510 477 599 522 quantum
613 474 702 519 novimus,
717 473 738 509 in
745 454 829 522 iffifflffl

107 533 192 570 dubium
200 537 288 580 vocatam,
296 537 350 583 urget
355 533 390 572 Vir
399 533 514 572 doctissimus
523 534 623 584 scriptores,
630 538 649 570 et
658 533 736 583 quidem,
743 531 766 595 111
772 530 804 576 DE·

114 599 135 631 ut
145 595 181 641 ait,
195 595 318 642 gravissimos,
330 596 361 644 qui
374 608 415 633 eam
428 595 556 644 Apoerypham
571 608 609 632 esse
622 595 735 644 judicabant.
743 578 811 636 diffidi.

116 656 215 703 Scriptores
224 655 251 691 illi
260 655 345 692 dicuntur
354 656 468 703 Nicephorus
480 655 591 700 Patriarcha,
601 658 619 692 et
630 655 737 691 Anastasius

115 714 272 762 Bibliothecaius,
280 729 357 764 quorum
363 719 428 753 neuter
437 720 479 753 ante
487 728 557 752 nonum
566 716 652 753 saeculum
660 716 737 764 scripsit.

116 775 152 813 Sed
160 776 224 824 primo,
233 789 267 814 nos
276 781 318 814 ante
327 778 439 814 ostendimus
448 777 573 826 Nicephorum
581 776 634 814 illum
642 776 711 814 frustra
719 780 738 813 et
758 813 760 815 ,

115 836 154 873 sine
167 837 204 874 ullo
216 837 336 875 fundamento
348 842 437 886 tanquam
450 841 543 883 auctorem
552 837 686 874 Stichometriae
695 837 737 874 alle-

115 897 160 946 gari,
175 902 194 935 et
202 895 460 935 Anastasium‘ranmmmodo
472 898 521 935 illius
535 897 668 935 Stichometriae
680 897 736 934 inter-

114 960 185 1006 pretem
199 970 243 994 esse.
270 958 359 1004 Secundo,
371 958 386 994 si
395 955 523 995 concederetur
531 957 633 1011 Epistulam
641 958 737 1007 Polycarpi

107 1017 138 1053 ‘ad
150 1018 275 1066 Philippenses
288 1019 309 1054 in
322 1031 343 1054 ea
357 1018 485 1055 Stichomctria
492 1018 572 1066 intelligi
580 1017 650 1064 debere,
659 1029 683 1054 ne
691 1018 738 1055 illud

115 1078 188 1126 quidem
203 1078 331 1116 auctoritatem
347 1079 387 1126 eius
401 1078 476 1115 omnino
491 1078 593 1122 minueret,¹
609 1077 737 1114 tantummodo

107 1137 164 1174 'enim
178 1137 226 1175 inter
234 1138 344 1187 Apocryplra
356 1138 405 1175 Novi
414 1137 527 1175 Testamenti
534 1141 647 1183 numeratam,
655 1138 691 1175 hoc
704 1142 737 1184 est,

115 1211 126 1234 a
134 1199 208 1235 Canone
216 1200 249 1235 SS.
257 1199 391 1247 Scripturarum
399 1203 513 1244 remoretur5
526 1211 568 1235 cum
577 1202 638 1235 autem
646 1198 667 1235 in
674 1199 738 1235 Eccle-

115 1257 146 1293 siis
158 1258 255 1306 legeretur,
265 1271 275 1294 a
284 1258 380 1295 Canonicis
392 1258 444 1295 libris
457 1258 544 1310 distincta
555 1262 573 1295 et
582 1259 631 1294 inter
639 1258 738 1295 Ecclesias-

115 1316 161 1353 ticos
172 1320 245 1353 tuntum
255 1320 351 1354 numerata
362 1320 394 1354 est.
421 1317 488 1363 Tertio,
497 1317 599 1366 Epistulam
610 1317 658 1354 hanc
670 1318 690 1354 in
702 1318 739 1354 Sti-

116 1375 217 1413 chometria
223 1389 284 1425 neque
290 1377 387 1423 nominari,
395 1381 426 1414 ant
434 1377 513 1426 intelligi
522 1377 592 1424 debere,
600 1381 631 1414 ant
639 1376 677 1414 ullo
685 1376 750 1423 modo:

116 1436 169 1473 innui
178 1436 266 1474 concedo:
279 1437 310 1474 sed
323 1441 344 1473 ut
356 1435 451 1484 ἸὟυιιτίου,
464 1438 491 1475 ita
505 1442 524 1475 et
535 1436 739 1488 Holordprrovncmini

108 1497 248 1546 subjiciendam
256 1495 333 1548 διδαχὴν
341 1498 430 1543 arbitron
439 1511 483 1535 nam
491 1500 573 1547 quamvis
581 1500 602 1535 in
611 1499 646 1534 alio
654 1498 739 1535 Indiculo

117 1558 213 1606 Polycarpi
221 1558 324 1595 Didascalia
336 1571 375 1595 non
383 1562 491 1606 compareat,
501 1563 523 1596 ut
530 1559 562 1595 illa
574 1558 649 1606 Ignatii,
661 1557 738 1606 ideoque

117 1618 173 1664 gratis
181 1619 224 1653 ficta
232 1630 271 1654 esse
279 1618 362 1654 videatur
367 1633 372 1664 3
385 1622 448 1654 tamen
459 1630 501 1654 cum
510 1616 619 1655 διδασκαλία
631 1615 661 1654 διὰ
673 1616 737 1654 Ἱππο-

116 1675 173 1714 λύτου
186 1678 207 1714 in
219 1677 270 1715 nullo
284 1677 368 1714 indiculo
381 1676 449 1727 pariter
462 1677 571 1723 inveniatur,
586 1690 626 1727 quae
639 1682 702 1715 tamen
717 1679 738 1715 in

117 1738 174 1775 MSS.
186 1738 280 1787 reperitur,
290 1742 308 1776 et
321 1739 341 1776 in
353 1738 519 1776 Constitutionibus
528 1751 572 1787 quas
579 1739 668 1776 habemus
681 1739 737 1776 conti-

117 1803 176 1844 netur,
190 1799 220 1835 rin
232 1799 352 1835 dubitandum
369 1802 407 1836 esse
424 1799 482 1835 sentio
498 1799 543 1846 quin
554 1802 595 1847 post
604 1799 738 1847 Apostolorum,

118 1858 224 1903 Clementis,
233 1862 252 1894 et
260 1858 330 1906 Ignatii
338 1855 459 1898 διδασκαλίας
470 1859 525 1894 etiam
539 1859 574 1894 alia
582 1859 677 1907 Polycarpi
685 1852 739 1894 intel*-

117 1917 150 1966 ligi
158 1917 228 1955 debeat.
254 1918 301 1955 Inde
309 1918 341 1956 illa
348 1918 369 1956 in
377 1918 433 1956 veteri
441 1917 549 1963 Didascalia,
559 1930 655 1971 quaenunc
663 1918 683 1954 in
690 1918 738 1955 Con-

92 1981 94 1984 “
118 1977 235 2015 stitutionum
243 1977 274 2015 lib.
283 1977 309 2015 iii.
319 1990 356 2027 cap.
364 1979 381 2015 6.
390 1977 473 2026 legimus,
482 1975 583 2027 Γυωριζέτω
592 1975 642 2024 edrai
652 1976 703 2028 χήρα
710 1976 739 2015 ’ότι

118 2036 248 2089 θυσιαστήριόυ
257 2038 355 2077 retreat.
371 2039 541 2087 suarattaratae
550 2039 596 2092 praed
604 2039 701 2076 ultureDcc'
709 2039 738 2086 ur,

118 2098 141 2136 ad
146 2098 182 2136 ista
190 2099 286 2149 Polycarpi
294 2101 358 2145 efficta,
367 2099 404 2139 ras
412 2097 470 2150 χήρας
479 2093 608 2150 σωφρουοῦσιις
616 2099 659 2150 περὶ
667 2099 700 2147 τὴν
708 2102 739 2137 τοῦ

119 2158 189 2208 Κυρίου
201 2158 277 2196 πίστιν.
288 2188 292 2196 .
303 2159 441 2207 συνοικούσας
453 2158 482 2196 ὅτι
494 2158 530 2196 εἰσὶ
543 2158 675 2208 θυσιαστήριον
687 2161 739 2196 Θεοῦ.

118 2219 177 2257 Vetus
185 2219 285 2268 interpres,
297 2220 357 2257 Vidua
365 2232 405 2256 oero
412 2220 481 2268 predicar
489 2220 538 2257 circo
547 2219 603 2266 fidon
611 2220 646 2256 Da·
655 2247 659 2256 ,
670 2248 674 2257 .
685 2248 688 2257 .
699 2222 740 2267 quic

118 2284 159 2317 suot
166 2282 265 2334 sacrarium
273 2282 313 2318 Det.
340 2281 420 2329 Haecque
429 2281 493 2330 saepius
501 2273 576 2319 Auctor¹
584 2280 740 2318 Oonstitutionum

118 2342 203 2379 inculcat.
225 2343 301 2387 Quarto,
308 2354 367 2391 neque
373 2341 493 2391 Nicephorus,
499 2354 559 2390 neque
564 2341 675 2387 Anastasius
681 2353 740 2390 neque

111 2402 253 2438 =Stichometriae
265 2402 340 2446 Auctor,
357 2414 416 2449 neque
429 2402 524 2457 quisquam
536 2401 581 2441 noni
593 2401 652 2436 saeculi
665 2401 741 2447 scriptor

118 2465 195 2510 receptae
205 2462 260 2511 hujus
268 2460 355 2510 Epistola
365 2460 470 2497 auctoritati
480 2460 550 2497 officere
558 2458 650 2508 putandus
658 2462 691 2507 est,
701 2473 742 2510 quae

119 2524 138 2558 et
145 2522 243 2570 prioribus,
249 2527 268 2561 et
276 2523 340 2561 eodem
348 2536 391 2570 aevo,
401 2525 419 2560 et
427 2521 544 2571 sequentibus
552 2521 616 2569 riguit,
623 2525 641 2559 et
649 2535 661 2559 a
668 2523 742 2559 nemine

119 2582 187 2629 rejecta
199 2583 346 2633 deprehenditur.
372 2583 421 2621 Ante
434 2582 559 2632 Nicephorum
572 2581 665 2620 llarimus
673 2582 741 2629 Abbas,

117 2639 171 2689 Ἔχει
185 2641 204 2676 δὲ
214 2643 251 2679 'rat
266 2643 383 2695 Ἐπιιγτολιιὶς>
398 2643 407 2679 ὁ
425 2642 477 2682 αὐτὸς
489 2641 543 2685 ’θεῖος
558 2642 681 2691 Πολύκιιρπος
697 2641 742 2692 πρὸς

557 2704 596 2740 112
