1679 2935
224 201 295 229 coram
307 200 407 228 senariam
418 201 540 230 rxruucrrun.
656 196 691 231 123

101 291 235 337 Stichometria,
253 292 334 339 quamvis
352 291 437 340 Synccllo
456 292 553 340 praefixam,
571 294 603 327 aut
622 291 693 327 nullum
701 302 778 332 saiehome-

73 354 143 388 eertum
152 355 244 388 auctorem
251 351 312 399 hahet,
322 356 353 388 aut
361 352 437 389 unicum
449 356 503 390 certe.
529 353 561 389 An
568 352 694 400 Nicephorum
701 340 781 414 {ffiffi’fffip

73 417 131 458 tuum,
141 413 156 449 si
163 412 218 450 modo
226 413 242 449 is
255 413 284 459 sit,
294 425 336 449 cum
344 413 418 460 Ignatio
426 416 459 450 tuo
468 412 567 462 Epistolioo
575 412 693 461 bicorporem,
701 418 753 460 audon

73 477 105 510 aut
113 474 230 523 tricorporem
239 474 296 511 facis?
323 474 377 511 Certe
388 473 409 511 in
416 474 478 512 amulto
489 474 550 523 plures
559 473 615 511 diiidi
623 477 695 523 oportet
702 462 755 483 unicus.

72 536 129 573 istum
137 535 203 573 incerti
210 535 253 578 laris
262 536 407 581 homuncionem,
413 539 434 573 ut
443 539 498 573 testes
507 536 573 572 nostris
581 536 611 573 vel
618 547 695 572 numero

73 608 125 643 pares
133 596 206 632 habeas.
225 596 262 632 Sed
270 598 282 615 “
288 608 330 633 ecce
339 599 421 634 auctores
426 597 438 614 '’
447 596 472 641 hi,
482 598 571 644 quotquot
580 598 629 641 sunt,
639 597 651 615 “
657 608 696 632 cm-

73 657 105 693 nia
119 656 188 705 Ignatii
203 656 269 705 scripta
286 656 309 693 ad
324 656 427 706 apocrypha
442 656 566 704 relegarunt.''
592 657 628 693 Pro
642 657 696 694 unico

74 717 166 765 scriptore,
175 717 236 755 nescio
245 718 382 766 quc,Auctores
389 717 450 755 nescio
459 721 503 766 quot
512 716 598 766 Syncello
605 717 687 766 praefixos
690 732 696 763 ς

63 781 93 830 >et
107 778 140 815 ubi
152 778 223 816 nudum
236 779 305 827 Ignatii
319 791 386 816 nomen
399 779 486 827 scriptum
499 782 532 824 est,
547 781 559 798 ‘¹
565 778 643 815 omnia¹’
658 779 697 828 ejus

75 841 87 859 “
93 839 176 887 scripta”
185 839 222 887 legi
230 840 269 877 vult
277 840 312 877 Vir
321 839 440 876 doctissimus.

99 898 127 935 Ut
135 902 196 936 autem
204 899 291 948 majorem
301 899 434 935 Stichomctriae
442 911 479 936 suae
490 899 566 948 Jamjam
574 898 697 948 producendae

75 959 202 996 auctoritatem
214 959 303 1005 conciliet,
312 972 385 1007 gravem
393 960 486 1007 querelam
493 960 543 1007 prius
552 959 638 1004 instituit,
648 960 697 1006 quod

75 1022 114 1055 tam
121 1019 227 1056 “immerito
233 1020 268 1057 viri
276 1020 325 1056 docti
334 1019 356 1056 de
364 1019 447 1056 Salmasii
453 1020 489 1056 fide
495 1019 609 1057 dubitaverin
617 1020 635 1065 ,''
643 1031 697 1068 quem

75 1081 137 1118 Editio
145 1082 245 1130 Nicephori
253 1080 334 1117 Parisino
343 1081 365 1117 ab
374 1080 424 1117 omni
433 1079 533 1129 suspicione
541 1079 630 1116 liberavit.
652 1079 698 1119 Qui-

75 1154 119 1178 nam
128 1146 189 1177 autem
197 1145 241 1176 sunt
249 1147 271 1177 ex'
276 1141 344 1177 nostris
352 1140 434 1190 partibus
439 1140 473 1177 viri
482 1140 536 1185 docti,
544 1140 574 1188 qui
583 1140 605 1177 de
615 1139 698 1177 Salmasii

76 1202 112 1237 fide
124 1205 163 1237 tam
175 1201 265 1237 immerito
278 1201 398 1237 dubitarunt?
425 1201 479 1237 Certe
492 1200 582 1247 Umerius,
596 1200 698 1238 Stichome-

76 1261 137 1307 triam,
146 1274 201 1309 quam
213 1260 287 1309 Georgii
296 1261 376 1310 Syncelli
389 1265 407 1297 et
416 1261 531 1309 Theophanis
544 1261 594 1309 operi
605 1262 701 1309 praefixam.

76 1322 97 1358 in
105 1321 231 1369 antiquissimo
243 1320 341 1368 exemplari
354 1333 372 1357 se
384 1319 473 1357 invenisse
485 1324 548 1356 narrat
557 1321 584 1356 Cl.
595 1320 698 1366 Salmasius,
737 1356 740 1358 .

78 1393 117 1418 non
129 1379 217 1418 diversam
229 1393 267 1418 esse
278 1380 301 1417 ab
312 1393 334 1418 ea
345 1393 400 1429 quam
409 1380 458 1418 inter
467 1381 519 1418 Petri
528 1380 596 1418 Pithcei
609 1381 700 1430 Opuscula

80 1443 144 1480 Graece
152 1446 171 1480 et
179 1442 245 1480 Latine
253 1442 341 1480 habemus
349 1442 423 1489 editam,
432 1442 534 1480 existimare
542 1455 561 1480 se
569 1443 658 1491 professus
667 1447 700 1480 est.

80 1503 135 1541 suos
146 1516 184 1539 non
196 1506 223 1539 est
236 1502 315 1539 hominis
330 1502 413 1539 Salmasii
427 1502 482 1540 fidem
497 1503 589 1550 elevantis,
598 1503 629 1540 sed
640 1504 701 1552 potius

80 1564 209 1609 confirmantis,
219 1567 237 1599 et
246 1576 278 1600 sua
286 1564 390 1611 conjectura
398 1563 521 1609 suffulcientis,
531 1576 585 1612 quam
593 1576 632 1600 nou
639 1564 700 1600 minus

81 1636 135 1671 quam
153 1623 235 1660 Salmasii
251 1622 306 1659 fidem
322 1622 384 1659 Editio
400 1623 482 1659 Parisino
498 1627 560 1672 postea
580 1623 699 1661 confirmavit.

81 1683 208 1721 Hammondus
221 1683 276 1720 ctiam
288 1682 311 1720 de
323 1682 429 1720 auctoritate
443 1683 577 1720 Stichometriae
586 1683 701 1721 nidlamsibi

81 1756 123 1779 cum
136 1744 224 1779 Sahnasio
236 1743 290 1786 litem
301 1743 340 1778 fore
352 1742 450 1790 professm
458 1746 492 1788 est,
504 1742 591 1791 illamque
604 1743 701 1781 aWalone

80 1803 175 1841 laudatius
180 1803 202 1840 ab
211 1802 389 1840 lndicrdoaPithoeo
395 1802 488 1840 editonon
496 1804 559 1852 procul
567 1803 628 1840 abesse
637 1806 702 1841 “recte

82 1863 159 1912 colligi,’'
174 1863 202 1901 vel
213 1876 235 1900 en
245 1864 300 1900 titulo
314 1863 389 1912 Georgii
400 1863 482 1900 asserunt.
507 1864 552 1900 Non
562 1863 618 1913 igitur
633 1864 655 1901 de
666 1865 702 1901 fide

83 1925 166 1963 Salmasii
175 1923 303 1971 Hammondus
310 1925 369 1973 magis
378 1937 432 1973 quam
440 1925 526 1962 Usserius
537 1924 635 1963 dubitarit:
649 1923 702 1962 dde'c-

82 2000 139 2022 ποτον
152 1984 286 2034 Στιχομετρίαυ
299 1997 340 2021 eam
353 1990 406 2021 vocat
419 1986 539 2032 meritissime,
553 1985 595 2034 quia
607 1986 665 2033 ipsam
676 1986 704 2023 ita

84 2045 181 2083 Salmasius
187 2044 303 2093 produxerat,
311 2056 370 2093 neque
379 2044 396 2082 ei
404 2044 462 2082 ullum
470 2046 569 2083 Auctorem
576 2047 703 2096 assignaverat.

83 2106 195 2144 Produxerat
203 2119 244 2142 eam
256 2118 279 2143 en
286 2106 331 2143 Ms⁰
340 2105 412 2152 Codice,
421 2110 509 2156 tanquam
518 2107 552 2145 sibi
560 2108 593 2145 soli
601 2108 644 2153 viso,
653 2109 705 2145 nulla

83 2167 168 2205 Auctoris
177 2166 311 2204 Stichometriae
323 2166 416 2203 mentione
425 2167 473 2204 facta
478 2182 484 2212 ;
498 2167 520 2204 de
529 2168 640 2205 “tenebris”
648 2168 704 2216 igitur

83 2228 200 2276 conqueritur
209 2225 337 2264 Hammondus
348 2226 398 2262 haud
409 2227 511 2270 immerit03
524 2228 555 2264 vix
563 2229 612 2264 enim
620 2229 705 2264 credibile

84 2288 124 2332 fuit,
133 2287 210 2324 voluisse
223 2297 326 2334 quenquam
340 2285 488 2323 Stichometriam
499 2286 520 2324 in
529 2287 704 2331 dissidiosum,

84 2351 102 2383 et
110 2348 176 2384 incerti
186 2346 242 2391 titrdi,
250 2349 316 2382 testem
325 2346 386 2390 citare,
396 2358 438 2383 cum
446 2347 510 2383 eadem
517 2348 538 2384 in
545 2347 624 2384 maxima
631 2347 676 2391 luce,
686 2350 704 2387 et

84 2407 117 2445 sub
127 2405 255 2457 speciosissimo
267 2405 327 2452 titulo,
336 2418 375 2443 non
385 2409 458 2444 tantum
466 2408 556 2453 Auctoris,
566 2408 597 2445 sed
609 2407 664 2445 etiam
672 2408 705 2445 In-

84 2469 168 2517 terpretis
181 2470 285 2518 poneretur.
310 2466 397 2503 Ediderat
409 2467 458 2504 enim
471 2480 511 2504 eam
524 2468 587 2504 Graece
599 2467 623 2504 ad
630 2467 706 2505 Euschii

85 2529 189 2566 sui-calcem
198 2530 210 2566 J
211 2528 287 2577 osephus
297 2527 383 2575 Scaliger,
395 2526 521 2576 Ohronclogiae
533 2527 634 2577 Nicephorii
645 2529 705 2567 Patri-
714 2544 777 2579 dulcari

86 2587 145 2625 archae
160 2589 357 2638 Constantinopolitaui
372 2589 463 2626 suffixam:
484 2588 565 2626 ediderat
581 2590 658 2627 eandem
672 2591 706 2627 sub
713 2583 800 2650 133}ssth

86 2647 141 2695 ipsius
155 2641 255 2697 Nicephori
268 2649 341 2687 ricmiue
355 2662 377 2687 eu
389 2649 453 2686 Veteri
464 2649 530 2687 Codice
544 2651 630 2700 Carpeusi
642 2652 707 2689 Petrus
766 2642 769 2650 ¹

449 2747 459 2767 c
