<?xml version="1.0" encoding="UTF-8"?>
<!DOCTYPE html PUBLIC "-//W3C//DTD XHTML 1.0 Transitional//EN"
    "http://www.w3.org/TR/xhtml1/DTD/xhtml1-transitional.dtd">
<html xmlns="http://www.w3.org/1999/xhtml" xml:lang="en" lang="en">
 <head>
  <title>
</title>
<meta http-equiv="Content-Type" content="text/html;charset=utf-8" />
  <meta name='ocr-system' content='tesseract 3.04.00' />
  <meta name='ocr-capabilities' content='ocr_page ocr_carea ocr_par ocr_line ocrx_word'/>
</head>
<body>
  <div class='ocr_page' id='page_1' title='image "MN41843ucmf_1_0168.png"; bbox 0 0 1747 2957; ppageno 0'>
   <div class='ocr_carea' id='block_1_1' title="bbox 75 1324 142 1431">
    <p class='ocr_par' dir='ltr' id='par_1_1' title="bbox 75 1324 142 1431">
     <span class='ocr_line' id='line_1_1' title="bbox 75 1324 140 1354; baseline -0.015 0"><span class='ocrx_word' id='word_1_1' title='bbox 75 1324 140 1354; x_wconf 60' lang='lat' dir='ltr'>bestium</span> 
     </span>
     <span class='ocr_line' id='line_1_2' title="bbox 76 1365 142 1407; baseline 0.015 -16"><span class='ocrx_word' id='word_1_2' title='bbox 76 1365 142 1407; x_wconf 77' lang='lat' dir='ltr'>catenata</span> 
     </span>
     <span class='ocr_line' id='line_1_3' title="bbox 77 1409 124 1431; baseline 0.021 -1"><span class='ocrx_word' id='word_1_3' title='bbox 77 1409 124 1431; x_wconf 81' lang='lat' dir='ltr'>serres.</span> 
     </span>
    </p>
   </div>
   <div class='ocr_carea' id='block_1_2' title="bbox 159 191 603 236">
    <p class='ocr_par' dir='ltr' id='par_1_2' title="bbox 159 191 603 236">
     <span class='ocr_line' id='line_1_4' title="bbox 159 191 603 236; baseline 0.027 -11"><span class='ocrx_word' id='word_1_4' title='bbox 159 191 196 226; x_wconf 61' lang='grc'>114</span> <span class='ocrx_word' id='word_1_5' title='bbox 335 203 447 234; x_wconf 71' lang='lat' dir='ltr'><strong>ARGUMENTA</strong></span> <span class='ocrx_word' id='word_1_6' title='bbox 458 206 493 235; x_wconf 68' lang='lat' dir='ltr'>PBt)</span> <span class='ocrx_word' id='word_1_7' title='bbox 506 207 520 236; x_wconf 83' lang='lat' dir='ltr'>S.</span> <span class='ocrx_word' id='word_1_8' title='bbox 529 207 603 236; x_wconf 73' lang='lat' dir='ltr'>larario</span> 
     </span>
    </p>
   </div>
   <div class='ocr_carea' id='block_1_3' title="bbox 160 294 838 1671">
    <p class='ocr_par' dir='ltr' id='par_1_3' title="bbox 160 294 838 1671">
     <span class='ocr_line' id='line_1_5' title="bbox 160 294 797 348; baseline 0.008 -17"><span class='ocrx_word' id='word_1_9' title='bbox 160 294 243 342; x_wconf 81' lang='lat' dir='ltr'>praefixa:</span> <span class='ocrx_word' id='word_1_10' title='bbox 257 295 389 334; x_wconf 86' lang='lat' dir='ltr'>observandum</span> <span class='ocrx_word' id='word_1_11' title='bbox 398 298 426 335; x_wconf 88' lang='lat' dir='ltr'>illi</span> <span class='ocrx_word' id='word_1_12' title='bbox 438 299 488 347; x_wconf 89' lang='lat' dir='ltr'>prius</span> <span class='ocrx_word' id='word_1_13' title='bbox 498 299 539 345; x_wconf 75' lang='lat' dir='ltr'>sarit,</span> <span class='ocrx_word' id='word_1_14' title='bbox 550 299 572 336; x_wconf 92' lang='lat' dir='ltr'>ab</span> <span class='ocrx_word' id='word_1_15' title='bbox 584 298 699 336; x_wconf 69' lang='lat' dir='ltr'>armachano</span> <span class='ocrx_word' id='word_1_16' title='bbox 711 301 782 348; x_wconf 86' lang='lat' dir='ltr'>partem</span> <span class='ocrx_word' id='word_1_17' title='bbox 795 343 797 346; x_wconf 12' lang='grc' dir='ltr'><em>Α</em></span> 
     </span>
     <span class='ocr_line' id='line_1_6' title="bbox 160 354 782 409; baseline 0.008 -18"><span class='ocrx_word' id='word_1_18' title='bbox 160 354 216 402; x_wconf 83' lang='lat' dir='ltr'>longe</span> <span class='ocrx_word' id='word_1_19' title='bbox 230 356 328 393; x_wconf 83' lang='lat' dir='ltr'>maximam</span> <span class='ocrx_word' id='word_1_20' title='bbox 341 370 379 395; x_wconf 90' lang='lat' dir='ltr'>esse</span> <span class='ocrx_word' id='word_1_21' title='bbox 390 359 537 407; x_wconf 67' lang='lat' dir='ltr'>praetermissam,</span> <span class='ocrx_word' id='word_1_22' title='bbox 549 372 560 396; x_wconf 87' lang='lat' dir='ltr'>a</span> <span class='ocrx_word' id='word_1_23' title='bbox 571 359 627 397; x_wconf 79' lang='lat' dir='ltr'>dumio</span> <span class='ocrx_word' id='word_1_24' title='bbox 642 359 782 409; x_wconf 86' lang='lat' dir='ltr'>quamplmimos</span> 
     </span>
     <span class='ocr_line' id='line_1_7' title="bbox 162 416 782 468; baseline 0.008 -18"><span class='ocrx_word' id='word_1_25' title='bbox 162 426 201 451; x_wconf 84' lang='lat' dir='ltr'>esse</span> <span class='ocrx_word' id='word_1_26' title='bbox 212 416 299 454; x_wconf 89' lang='lat' dir='ltr'>adductos</span> <span class='ocrx_word' id='word_1_27' title='bbox 312 419 344 466; x_wconf 87' lang='lat' dir='ltr'>qui</span> <span class='ocrx_word' id='word_1_28' title='bbox 356 420 428 456; x_wconf 88' lang='lat' dir='ltr'>nullum</span> <span class='ocrx_word' id='word_1_29' title='bbox 443 420 530 468; x_wconf 80' lang='lat' dir='ltr'>Epistola</span> <span class='ocrx_word' id='word_1_30' title='bbox 544 420 668 457; x_wconf 86' lang='lat' dir='ltr'>testimonium</span> <span class='ocrx_word' id='word_1_31' title='bbox 680 420 782 468; x_wconf 75' lang='lat' dir='ltr'><strong>perhibent,</strong></span> 
     </span>
     <span class='ocr_line' id='line_1_8' title="bbox 164 475 782 528; baseline 0.005 -17"><span class='ocrx_word' id='word_1_32' title='bbox 164 475 225 523; x_wconf 87' lang='lat' dir='ltr'>quales</span> <span class='ocrx_word' id='word_1_33' title='bbox 232 480 274 513; x_wconf 84' lang='lat' dir='ltr'>sunt</span> <span class='ocrx_word' id='word_1_34' title='bbox 284 478 303 514; x_wconf 76' lang='lat' dir='ltr'>S.</span> <span class='ocrx_word' id='word_1_35' title='bbox 309 478 381 525; x_wconf 90' lang='lat' dir='ltr'>Paulus,</span> <span class='ocrx_word' id='word_1_36' title='bbox 390 480 459 528; x_wconf 76' lang='lat' dir='ltr'>ignatii</span> <span class='ocrx_word' id='word_1_37' title='bbox 467 480 594 528; x_wconf 87' lang='lat' dir='ltr'>Interpolator,</span> <span class='ocrx_word' id='word_1_38' title='bbox 600 481 684 528; x_wconf 67' lang='lat' dir='ltr'>Optatus</span> <span class='ocrx_word' id='word_1_39' title='bbox 693 480 782 524; x_wconf 82' lang='lat' dir='ltr'>Ruffinus,</span> 
     </span>
     <span class='ocr_line' id='line_1_9' title="bbox 163 536 783 589; baseline 0.003 -16"><span class='ocrx_word' id='word_1_40' title='bbox 163 536 283 585; x_wconf 73' lang='lat' dir='ltr'>Augustinus,</span> <span class='ocrx_word' id='word_1_41' title='bbox 298 539 404 587; x_wconf 81' lang='lat' dir='ltr'>Eucherius,</span> <span class='ocrx_word' id='word_1_42' title='bbox 419 541 452 578; x_wconf 89' lang='lat' dir='ltr'>Ivo</span> <span class='ocrx_word' id='word_1_43' title='bbox 465 540 586 588; x_wconf 81' lang='lat' dir='ltr'>Oarnotensis,</span> <span class='ocrx_word' id='word_1_44' title='bbox 598 541 681 587; x_wconf 85' lang='lat' dir='ltr'>Zonaras,</span> <span class='ocrx_word' id='word_1_45' title='bbox 695 540 751 589; x_wconf 81' lang='lat' dir='ltr'>Hugo</span> <span class='ocrx_word' id='word_1_46' title='bbox 761 538 783 575; x_wconf 91' lang='lat' dir='ltr'>de</span> 
     </span>
     <span class='ocr_line' id='line_1_10' title="bbox 165 597 783 650; baseline 0.003 -17"><span class='ocrx_word' id='word_1_47' title='bbox 165 597 184 634; x_wconf 85' lang='lat' dir='ltr'>S.</span> <span class='ocrx_word' id='word_1_48' title='bbox 196 598 276 644; x_wconf 83' lang='lat' dir='ltr'>Victore,</span> <span class='ocrx_word' id='word_1_49' title='bbox 291 603 310 636; x_wconf 89' lang='lat' dir='ltr'>et</span> <span class='ocrx_word' id='word_1_50' title='bbox 326 600 413 637; x_wconf 89' lang='lat' dir='ltr'>Albertus</span> <span class='ocrx_word' id='word_1_51' title='bbox 428 601 530 646; x_wconf 82' lang='lat' dir='ltr'>Stadensis,¹</span> <span class='ocrx_word' id='word_1_52' title='bbox 551 602 582 650; x_wconf 89' lang='lat' dir='ltr'>qui</span> <span class='ocrx_word' id='word_1_53' title='bbox 595 614 657 639; x_wconf 90' lang='lat' dir='ltr'>onmes</span> <span class='ocrx_word' id='word_1_54' title='bbox 670 601 783 639; x_wconf 80' lang='lat' dir='ltr'>Clementem</span> 
     </span>
     <span class='ocr_line' id='line_1_11' title="bbox 164 657 783 708; baseline 0.005 -15"><span class='ocrx_word' id='word_1_55' title='bbox 164 657 238 707; x_wconf 88' lang='lat' dir='ltr'>quidem</span> <span class='ocrx_word' id='word_1_56' title='bbox 246 659 311 708; x_wconf 87' lang='lat' dir='ltr'>aliquo,</span> <span class='ocrx_word' id='word_1_57' title='bbox 317 660 418 708; x_wconf 82' lang='lat' dir='ltr'>Epistolam</span> <span class='ocrx_word' id='word_1_58' title='bbox 425 661 476 698; x_wconf 83' lang='lat' dir='ltr'>nullo</span> <span class='ocrx_word' id='word_1_59' title='bbox 484 661 539 699; x_wconf 91' lang='lat' dir='ltr'>modo</span> <span class='ocrx_word' id='word_1_60' title='bbox 547 661 648 699; x_wconf 89' lang='lat' dir='ltr'>nominant.</span> <span class='ocrx_word' id='word_1_61' title='bbox 667 662 714 699; x_wconf 82' lang='lat' dir='ltr'>Sunt</span> <span class='ocrx_word' id='word_1_62' title='bbox 723 663 783 698; x_wconf 89' lang='lat' dir='ltr'>autern</span> 
     </span>
     <span class='ocr_line' id='line_1_12' title="bbox 164 720 783 770; baseline 0.008 -16"><span class='ocrx_word' id='word_1_63' title='bbox 164 722 219 755; x_wconf 88' lang='lat' dir='ltr'>testes</span> <span class='ocrx_word' id='word_1_64' title='bbox 231 720 294 764; x_wconf 86' lang='lat' dir='ltr'>nostri,</span> <span class='ocrx_word' id='word_1_65' title='bbox 309 721 340 767; x_wconf 90' lang='lat' dir='ltr'>qui</span> <span class='ocrx_word' id='word_1_66' title='bbox 356 721 442 768; x_wconf 82' lang='lat' dir='ltr'>Epistolis</span> <span class='ocrx_word' id='word_1_67' title='bbox 456 722 505 770; x_wconf 86' lang='lat' dir='ltr'>ipsis,</span> <span class='ocrx_word' id='word_1_68' title='bbox 523 735 567 770; x_wconf 88' lang='lat' dir='ltr'>quas</span> <span class='ocrx_word' id='word_1_69' title='bbox 583 723 702 769; x_wconf 83' lang='lat' dir='ltr'>defendimus,</span> <span class='ocrx_word' id='word_1_70' title='bbox 720 723 783 760; x_wconf 76' lang='lat' dir='ltr'>suflra-</span> 
     </span>
     <span class='ocr_line' id='line_1_13' title="bbox 164 779 784 831; baseline 0.008 -17"><span class='ocrx_word' id='word_1_71' title='bbox 164 782 236 826; x_wconf 81' lang='lat' dir='ltr'>gantur,</span> <span class='ocrx_word' id='word_1_72' title='bbox 242 779 307 828; x_wconf 85' lang='lat' dir='ltr'>oppido</span> <span class='ocrx_word' id='word_1_73' title='bbox 312 781 366 817; x_wconf 89' lang='lat' dir='ltr'>multi</span> <span class='ocrx_word' id='word_1_74' title='bbox 372 796 377 826; x_wconf 76' lang='lat' dir='ltr'>i</span> <span class='ocrx_word' id='word_1_75' title='bbox 387 785 406 818; x_wconf 89' lang='lat' dir='ltr'>et</span> <span class='ocrx_word' id='word_1_76' title='bbox 414 781 430 817; x_wconf 86' lang='lat' dir='ltr'>si</span> <span class='ocrx_word' id='word_1_77' title='bbox 435 782 567 829; x_wconf 88' lang='lat' dir='ltr'>perpendamus</span> <span class='ocrx_word' id='word_1_78' title='bbox 574 796 628 830; x_wconf 84' lang='lat' dir='ltr'>quam</span> <span class='ocrx_word' id='word_1_79' title='bbox 634 796 692 831; x_wconf 87' lang='lat' dir='ltr'>pauca</span> <span class='ocrx_word' id='word_1_80' title='bbox 696 784 784 821; x_wconf 87' lang='lat' dir='ltr'>Veterum</span> 
     </span>
     <span class='ocr_line' id='line_1_14' title="bbox 163 838 785 889; baseline 0.006 -15"><span class='ocrx_word' id='word_1_81' title='bbox 163 838 330 875; x_wconf 78' lang='lat' dir='ltr'>Ecclesiasticouma</span> <span class='ocrx_word' id='word_1_82' title='bbox 339 840 451 888; x_wconf 72' lang='lat' dir='ltr'>Scriptorum</span> <span class='ocrx_word' id='word_1_83' title='bbox 459 852 514 888; x_wconf 88' lang='lat' dir='ltr'>opera</span> <span class='ocrx_word' id='word_1_84' title='bbox 521 853 571 877; x_wconf 86' lang='lat' dir='ltr'>nunc</span> <span class='ocrx_word' id='word_1_85' title='bbox 579 845 656 887; x_wconf 81' lang='lat' dir='ltr'>exstant,</span> <span class='ocrx_word' id='word_1_86' title='bbox 664 855 718 889; x_wconf 91' lang='lat' dir='ltr'>quam</span> <span class='ocrx_word' id='word_1_87' title='bbox 726 842 785 878; x_wconf 89' lang='lat' dir='ltr'>multo</span> 
     </span>
     <span class='ocr_line' id='line_1_15' title="bbox 163 897 838 947; baseline 0.004 -14"><span class='ocrx_word' id='word_1_88' title='bbox 163 897 216 946; x_wconf 88' lang='lat' dir='ltr'>plura</span> <span class='ocrx_word' id='word_1_89' title='bbox 223 898 321 946; x_wconf 81' lang='lat' dir='ltr'>perierunt,</span> <span class='ocrx_word' id='word_1_90' title='bbox 331 903 362 935; x_wconf 87' lang='lat' dir='ltr'>aut</span> <span class='ocrx_word' id='word_1_91' title='bbox 375 899 433 935; x_wconf 90' lang='lat' dir='ltr'>adhue</span> <span class='ocrx_word' id='word_1_92' title='bbox 445 912 487 935; x_wconf 90' lang='lat' dir='ltr'>cum</span> <span class='ocrx_word' id='word_1_93' title='bbox 494 900 557 936; x_wconf 88' lang='lat' dir='ltr'>blattis</span> <span class='ocrx_word' id='word_1_94' title='bbox 566 904 584 936; x_wconf 89' lang='lat' dir='ltr'>et</span> <span class='ocrx_word' id='word_1_95' title='bbox 595 901 649 937; x_wconf 86' lang='lat' dir='ltr'>tineis</span> <span class='ocrx_word' id='word_1_96' title='bbox 662 905 738 947; x_wconf 85' lang='lat' dir='ltr'>certant,</span> <span class='ocrx_word' id='word_1_97' title='bbox 747 915 785 938; x_wconf 88' lang='lat' dir='ltr'>non</span> <span class='ocrx_word' id='word_1_98' title='bbox 837 942 838 946; x_wconf 13' lang='grc' dir='ltr'><strong>Ἰ</strong></span> 
     </span>
     <span class='ocr_line' id='line_1_16' title="bbox 164 957 785 1008; baseline 0.006 -15"><span class='ocrx_word' id='word_1_99' title='bbox 164 970 259 1006; x_wconf 89' lang='lat' dir='ltr'>possumus</span> <span class='ocrx_word' id='word_1_100' title='bbox 272 959 367 996; x_wconf 81' lang='lat' dir='ltr'>norbano</span> <span class='ocrx_word' id='word_1_101' title='bbox 378 960 453 996; x_wconf 85' lang='lat' dir='ltr'>testium</span> <span class='ocrx_word' id='word_1_102' title='bbox 465 957 536 996; x_wconf 84' lang='lat' dir='ltr'>nubem</span> <span class='ocrx_word' id='word_1_103' title='bbox 546 960 589 996; x_wconf 88' lang='lat' dir='ltr'>satis</span> <span class='ocrx_word' id='word_1_104' title='bbox 602 960 680 1008; x_wconf 86' lang='lat' dir='ltr'>amplam</span> <span class='ocrx_word' id='word_1_105' title='bbox 688 964 757 1008; x_wconf 85' lang='lat' dir='ltr'>putare,</span> <span class='ocrx_word' id='word_1_106' title='bbox 767 964 785 997; x_wconf 91' lang='lat' dir='ltr'>et</span> 
     </span>
     <span class='ocr_line' id='line_1_17' title="bbox 165 1010 786 1068; baseline 0.003 -13"><span class='ocrx_word' id='word_1_107' title='bbox 165 1031 187 1055; x_wconf 80' lang='lat' dir='ltr'>ex</span> <span class='ocrx_word' id='word_1_108' title='bbox 195 1018 223 1055; x_wconf 89' lang='lat' dir='ltr'>his</span> <span class='ocrx_word' id='word_1_109' title='bbox 233 1031 277 1066; x_wconf 87' lang='lat' dir='ltr'>quos</span> <span class='ocrx_word' id='word_1_110' title='bbox 289 1019 395 1056; x_wconf 78' lang='lat' dir='ltr'>adduximus</span> <span class='ocrx_word' id='word_1_111' title='bbox 406 1032 469 1057; x_wconf 87' lang='lat' dir='ltr'>eorum</span> <span class='ocrx_word' id='word_1_112' title='bbox 481 1032 584 1066; x_wconf 86' lang='lat' dir='ltr'>numerum,</span> <span class='ocrx_word' id='word_1_113' title='bbox 594 1029 639 1068; x_wconf 85' lang='lat' dir='ltr'>quos</span> <span class='ocrx_word' id='word_1_114' title='bbox 648 1020 737 1057; x_wconf 82' lang='lat' dir='ltr'>adducere</span> <span class='ocrx_word' id='word_1_115' title='bbox 748 1010 786 1057; x_wconf 86' lang='lat' dir='ltr'>non</span> 
     </span>
     <span class='ocr_line' id='line_1_18' title="bbox 165 1080 786 1127; baseline 0.003 -13"><span class='ocrx_word' id='word_1_116' title='bbox 165 1091 259 1127; x_wconf 85' lang='lat' dir='ltr'>possumus</span> <span class='ocrx_word' id='word_1_117' title='bbox 268 1082 299 1115; x_wconf 89' lang='lat' dir='ltr'>aut</span> <span class='ocrx_word' id='word_1_118' title='bbox 307 1080 425 1127; x_wconf 82' lang='lat' dir='ltr'>negleximus,</span> <span class='ocrx_word' id='word_1_119' title='bbox 433 1080 526 1116; x_wconf 84' lang='lat' dir='ltr'>infinitum</span> <span class='ocrx_word' id='word_1_120' title='bbox 534 1092 586 1127; x_wconf 91' lang='lat' dir='ltr'>paene</span> <span class='ocrx_word' id='word_1_121' title='bbox 594 1080 688 1116; x_wconf 85' lang='lat' dir='ltr'>aestimare.</span> <span class='ocrx_word' id='word_1_122' title='bbox 713 1081 739 1116; x_wconf 82' lang='lat' dir='ltr'>Et</span> <span class='ocrx_word' id='word_1_123' title='bbox 746 1080 786 1116; x_wconf 80' lang='lat' dir='ltr'>baec</span> 
     </span>
     <span class='ocr_line' id='line_1_19' title="bbox 167 1138 786 1188; baseline 0.003 -13"><span class='ocrx_word' id='word_1_124' title='bbox 167 1138 241 1177; x_wconf 91' lang='lat' dir='ltr'>omnino</span> <span class='ocrx_word' id='word_1_125' title='bbox 248 1140 347 1188; x_wconf 84' lang='lat' dir='ltr'>premenda</span> <span class='ocrx_word' id='word_1_126' title='bbox 355 1143 406 1178; x_wconf 90' lang='lat' dir='ltr'>erant</span> <span class='ocrx_word' id='word_1_127' title='bbox 413 1140 496 1178; x_wconf 83' lang='lat' dir='ltr'>aduersus</span> <span class='ocrx_word' id='word_1_128' title='bbox 504 1140 599 1186; x_wconf 82' lang='lat' dir='ltr'>Dallaeum,</span> <span class='ocrx_word' id='word_1_129' title='bbox 609 1140 640 1188; x_wconf 89' lang='lat' dir='ltr'>qui</span> <span class='ocrx_word' id='word_1_130' title='bbox 648 1139 786 1178; x_wconf 86' lang='lat' dir='ltr'>Hammondum</span> 
     </span>
     <span class='ocr_line' id='line_1_20' title="bbox 169 1201 787 1249; baseline 0.003 -14"><span class='ocrx_word' id='word_1_131' title='bbox 169 1202 180 1219; x_wconf 82' lang='lat'><strong>“</strong></span> <span class='ocrx_word' id='word_1_132' title='bbox 189 1212 213 1236; x_wconf 92' lang='lat' dir='ltr'>ne</span> <span class='ocrx_word' id='word_1_133' title='bbox 222 1203 298 1247; x_wconf 88' lang='lat' dir='ltr'>quatuor</span> <span class='ocrx_word' id='word_1_134' title='bbox 307 1201 380 1248; x_wconf 90' lang='lat' dir='ltr'>quidem</span> <span class='ocrx_word' id='word_1_135' title='bbox 387 1202 451 1237; x_wconf 86' lang='lat' dir='ltr'>Patres</span> <span class='ocrx_word' id='word_1_136' title='bbox 459 1213 481 1237; x_wconf 84' lang='lat' dir='ltr'>ex</span> <span class='ocrx_word' id='word_1_137' title='bbox 489 1201 539 1237; x_wconf 89' lang='lat' dir='ltr'>omni</span> <span class='ocrx_word' id='word_1_138' title='bbox 547 1201 627 1246; x_wconf 86' lang='lat' dir='ltr'>secundi,</span> <span class='ocrx_word' id='word_1_139' title='bbox 634 1201 690 1246; x_wconf 85' lang='lat' dir='ltr'>tertii,</span> <span class='ocrx_word' id='word_1_140' title='bbox 699 1205 718 1237; x_wconf 85' lang='lat' dir='ltr'>et</span> <span class='ocrx_word' id='word_1_141' title='bbox 727 1201 787 1249; x_wconf 89' lang='lat' dir='ltr'>quarti</span> 
     </span>
     <span class='ocr_line' id='line_1_21' title="bbox 169 1260 772 1309; baseline 0.002 -13"><span class='ocrx_word' id='word_1_142' title='bbox 169 1260 230 1297; x_wconf 84' lang='lat' dir='ltr'>saeculi</span> <span class='ocrx_word' id='word_1_143' title='bbox 238 1260 290 1308; x_wconf 88' lang='lat' dir='ltr'>eopia</span> <span class='ocrx_word' id='word_1_144' title='bbox 298 1260 392 1297; x_wconf 90' lang='lat' dir='ltr'>nominare</span> <span class='ocrx_word' id='word_1_145' title='bbox 399 1260 494 1309; x_wconf 79' lang='lat' dir='ltr'>potuisse&#39;&#39;</span> <span class='ocrx_word' id='word_1_146' title='bbox 507 1264 546 1297; x_wconf 87' lang='lat' dir='ltr'>tarn</span> <span class='ocrx_word' id='word_1_147' title='bbox 553 1260 599 1297; x_wconf 80' lang='lat' dir='ltr'>falso</span> <span class='ocrx_word' id='word_1_148' title='bbox 607 1260 738 1309; x_wconf 86' lang='lat' dir='ltr'>pronunciavit.</span> <span class='ocrx_word' id='word_1_149' title='bbox 771 1271 772 1275; x_wconf 56' lang='lat'>¹</span> 
     </span>
     <span class='ocr_line' id='line_1_22' title="bbox 196 1320 786 1372; baseline 0 -14"><span class='ocrx_word' id='word_1_150' title='bbox 196 1320 279 1358; x_wconf 82' lang='lat' dir='ltr'>Secundo</span> <span class='ocrx_word' id='word_1_151' title='bbox 292 1321 308 1358; x_wconf 86' lang='lat' dir='ltr'>si</span> <span class='ocrx_word' id='word_1_152' title='bbox 319 1320 400 1372; x_wconf 85' lang='lat' dir='ltr'>animum</span> <span class='ocrx_word' id='word_1_153' title='bbox 409 1321 432 1359; x_wconf 93' lang='lat' dir='ltr'>ad</span> <span class='ocrx_word' id='word_1_154' title='bbox 440 1321 505 1359; x_wconf 87' lang='lat' dir='ltr'>seriem</span> <span class='ocrx_word' id='word_1_155' title='bbox 512 1324 615 1370; x_wconf 85' lang='lat' dir='ltr'>temporum</span> <span class='ocrx_word' id='word_1_156' title='bbox 623 1321 728 1368; x_wconf 83' lang='lat' dir='ltr'>referamus,</span> <span class='ocrx_word' id='word_1_157' title='bbox 737 1324 756 1359; x_wconf 90' lang='lat' dir='ltr'>et</span> <span class='ocrx_word' id='word_1_158' title='bbox 764 1320 786 1358; x_wconf 89' lang='lat' dir='ltr'>ab</span> 
     </span>
     <span class='ocr_line' id='line_1_23' title="bbox 169 1380 787 1430; baseline 0.002 -13"><span class='ocrx_word' id='word_1_159' title='bbox 169 1380 209 1429; x_wconf 87' lang='lat' dir='ltr'>ipsa</span> <span class='ocrx_word' id='word_1_160' title='bbox 217 1384 270 1418; x_wconf 86' lang='lat' dir='ltr'>aetate</span> <span class='ocrx_word' id='word_1_161' title='bbox 279 1395 315 1430; x_wconf 88' lang='lat' dir='ltr'>qua</span> <span class='ocrx_word' id='word_1_162' title='bbox 322 1382 402 1430; x_wconf 89' lang='lat' dir='ltr'>primum</span> <span class='ocrx_word' id='word_1_163' title='bbox 410 1382 607 1430; x_wconf 81' lang='lat' dir='ltr'>scriptaeperbibentur</span> <span class='ocrx_word' id='word_1_164' title='bbox 614 1382 707 1430; x_wconf 72' lang='lat' dir='ltr'>Epistulae,</span> <span class='ocrx_word' id='word_1_165' title='bbox 716 1382 739 1418; x_wconf 90' lang='lat' dir='ltr'>ad</span> <span class='ocrx_word' id='word_1_166' title='bbox 747 1394 787 1427; x_wconf 85' lang='lat' dir='ltr'>eam</span> 
     </span>
     <span class='ocr_line' id='line_1_24' title="bbox 169 1438 787 1493; baseline 0.003 -16"><span class='ocrx_word' id='word_1_167' title='bbox 169 1454 204 1489; x_wconf 89' lang='lat' dir='ltr'>qua</span> <span class='ocrx_word' id='word_1_168' title='bbox 216 1442 295 1493; x_wconf 85' lang='lat' dir='ltr'>primum</span> <span class='ocrx_word' id='word_1_169' title='bbox 306 1438 403 1490; x_wconf 81' lang='lat' dir='ltr'>impressae,</span> <span class='ocrx_word' id='word_1_170' title='bbox 411 1445 430 1478; x_wconf 90' lang='lat' dir='ltr'>et</span> <span class='ocrx_word' id='word_1_171' title='bbox 443 1442 578 1490; x_wconf 71' lang='lat' dir='ltr'>erumpentibus</span> <span class='ocrx_word' id='word_1_172' title='bbox 590 1442 676 1479; x_wconf 83' lang='lat' dir='ltr'>Ecclesiae</span> <span class='ocrx_word' id='word_1_173' title='bbox 688 1442 787 1488; x_wconf 68' lang='lat' dir='ltr'>discordiis</span> 
     </span>
     <span class='ocr_line' id='line_1_25' title="bbox 166 1502 788 1551; baseline 0.003 -15"><span class='ocrx_word' id='word_1_174' title='bbox 166 1502 187 1551; x_wconf 75' lang='lat' dir='ltr'>in</span> <span class='ocrx_word' id='word_1_175' title='bbox 204 1502 280 1537; x_wconf 87' lang='lat' dir='ltr'>dubium</span> <span class='ocrx_word' id='word_1_176' title='bbox 297 1505 339 1537; x_wconf 87' lang='lat' dir='ltr'>sunt</span> <span class='ocrx_word' id='word_1_177' title='bbox 355 1505 429 1546; x_wconf 80' lang='lat' dir='ltr'>vocatae,</span> <span class='ocrx_word' id='word_1_178' title='bbox 446 1506 502 1538; x_wconf 87' lang='lat' dir='ltr'>testes</span> <span class='ocrx_word' id='word_1_179' title='bbox 518 1506 590 1538; x_wconf 87' lang='lat' dir='ltr'>nostros</span> <span class='ocrx_word' id='word_1_180' title='bbox 604 1503 631 1538; x_wconf 88' lang='lat' dir='ltr'>ita</span> <span class='ocrx_word' id='word_1_181' title='bbox 642 1502 736 1550; x_wconf 80' lang='lat' dir='ltr'>dispositos</span> <span class='ocrx_word' id='word_1_182' title='bbox 750 1514 788 1538; x_wconf 83' lang='lat' dir='ltr'>esse</span> 
     </span>
     <span class='ocr_line' id='line_1_26' title="bbox 167 1560 788 1610; baseline -0.002 -12"><span class='ocrx_word' id='word_1_183' title='bbox 167 1560 288 1607; x_wconf 85' lang='lat' dir='ltr'>observemus,</span> <span class='ocrx_word' id='word_1_184' title='bbox 297 1563 318 1597; x_wconf 92' lang='lat' dir='ltr'>ut</span> <span class='ocrx_word' id='word_1_185' title='bbox 332 1573 374 1598; x_wconf 90' lang='lat' dir='ltr'>eum</span> <span class='ocrx_word' id='word_1_186' title='bbox 387 1561 456 1610; x_wconf 88' lang='lat' dir='ltr'>primus</span> <span class='ocrx_word' id='word_1_187' title='bbox 467 1561 502 1610; x_wconf 86' lang='lat' dir='ltr'>ipsi</span> <span class='ocrx_word' id='word_1_188' title='bbox 511 1562 529 1598; x_wconf 81' lang='lat' dir='ltr'>S.</span> <span class='ocrx_word' id='word_1_189' title='bbox 539 1560 618 1610; x_wconf 83' lang='lat' dir='ltr'>Ignatio,</span> <span class='ocrx_word' id='word_1_190' title='bbox 631 1561 689 1609; x_wconf 88' lang='lat' dir='ltr'>primo</span> <span class='ocrx_word' id='word_1_191' title='bbox 698 1561 788 1597; x_wconf 89' lang='lat' dir='ltr'>secundus</span> 
     </span>
     <span class='ocr_line' id='line_1_27' title="bbox 166 1612 790 1671; baseline -0.002 -12"><span class='ocrx_word' id='word_1_192' title='bbox 166 1622 259 1659; x_wconf 75' lang='lat' dir='ltr'>familiaris</span> <span class='ocrx_word' id='word_1_193' title='bbox 273 1622 333 1669; x_wconf 84' lang='lat' dir='ltr'>fuerit,</span> <span class='ocrx_word' id='word_1_194' title='bbox 347 1626 388 1659; x_wconf 88' lang='lat' dir='ltr'>tum</span> <span class='ocrx_word' id='word_1_195' title='bbox 400 1635 455 1659; x_wconf 89' lang='lat' dir='ltr'>nemo</span> <span class='ocrx_word' id='word_1_196' title='bbox 468 1622 505 1659; x_wconf 82' lang='lat' dir='ltr'>fere</span> <span class='ocrx_word' id='word_1_197' title='bbox 518 1622 629 1671; x_wconf 87' lang='lat' dir='ltr'>reliquorum</span> <span class='ocrx_word' id='word_1_198' title='bbox 643 1622 672 1668; x_wconf 89' lang='lat' dir='ltr'>sit,</span> <span class='ocrx_word' id='word_1_199' title='bbox 683 1622 714 1670; x_wconf 91' lang='lat' dir='ltr'>qui</span> <span class='ocrx_word' id='word_1_200' title='bbox 726 1634 764 1659; x_wconf 90' lang='lat' dir='ltr'>non</span> <span class='ocrx_word' id='word_1_201' title='bbox 777 1612 790 1658; x_wconf 51' lang='lat' dir='ltr'>a¹</span> 
     </span>
    </p>
   </div>
   <div class='ocr_carea' id='block_1_4' title="bbox 167 1682 852 1731">
    <p class='ocr_par' dir='ltr' id='par_1_4' title="bbox 167 1682 852 1731">
     <span class='ocr_line' id='line_1_28' title="bbox 167 1682 852 1731; baseline -0.001 -11"><span class='ocrx_word' id='word_1_202' title='bbox 167 1683 251 1731; x_wconf 91' lang='lat' dir='ltr'>sequenti</span> <span class='ocrx_word' id='word_1_203' title='bbox 265 1686 296 1719; x_wconf 87' lang='lat' dir='ltr'>aut</span> <span class='ocrx_word' id='word_1_204' title='bbox 309 1683 360 1719; x_wconf 91' lang='lat' dir='ltr'>nosci</span> <span class='ocrx_word' id='word_1_205' title='bbox 375 1686 406 1718; x_wconf 89' lang='lat' dir='ltr'>aut</span> <span class='ocrx_word' id='word_1_206' title='bbox 420 1682 478 1720; x_wconf 86' lang='lat' dir='ltr'>videri</span> <span class='ocrx_word' id='word_1_207' title='bbox 490 1682 575 1731; x_wconf 85' lang='lat' dir='ltr'>potuerit,</span> <span class='ocrx_word' id='word_1_208' title='bbox 591 1695 633 1719; x_wconf 88' lang='lat' dir='ltr'>eum</span> <span class='ocrx_word' id='word_1_209' title='bbox 644 1682 667 1728; x_wconf 83' lang='lat' dir='ltr'>in</span> <span class='ocrx_word' id='word_1_210' title='bbox 679 1695 788 1730; x_wconf 89' lang='lat' dir='ltr'>unoquoque</span> <span class='ocrx_word' id='word_1_211' title='bbox 849 1711 852 1714; x_wconf 35' lang='lat' dir='ltr'><strong><em>s</em></strong></span> 
     </span>
    </p>
   </div>
   <div class='ocr_carea' id='block_1_5' title="bbox 167 1741 826 2210">
    <p class='ocr_par' dir='ltr' id='par_1_5' title="bbox 167 1741 826 2210">
     <span class='ocr_line' id='line_1_29' title="bbox 167 1741 789 1791; baseline -0.002 -11"><span class='ocrx_word' id='word_1_212' title='bbox 167 1741 204 1780; x_wconf 88' lang='lat' dir='ltr'>fere</span> <span class='ocrx_word' id='word_1_213' title='bbox 213 1743 278 1780; x_wconf 76' lang='lat' dir='ltr'>sacillo</span> <span class='ocrx_word' id='word_1_214' title='bbox 286 1755 336 1780; x_wconf 88' lang='lat' dir='ltr'>nunc</span> <span class='ocrx_word' id='word_1_215' title='bbox 343 1742 402 1788; x_wconf 89' lang='lat' dir='ltr'>binos,</span> <span class='ocrx_word' id='word_1_216' title='bbox 411 1755 460 1780; x_wconf 90' lang='lat' dir='ltr'>nunc</span> <span class='ocrx_word' id='word_1_217' title='bbox 468 1742 532 1788; x_wconf 80' lang='lat' dir='ltr'>trinos,</span> <span class='ocrx_word' id='word_1_218' title='bbox 541 1755 591 1780; x_wconf 90' lang='lat' dir='ltr'>nune</span> <span class='ocrx_word' id='word_1_219' title='bbox 600 1746 696 1791; x_wconf 86' lang='lat' dir='ltr'>quaternos</span> <span class='ocrx_word' id='word_1_220' title='bbox 704 1755 789 1780; x_wconf 88' lang='lat' dir='ltr'>numera·</span> 
     </span>
     <span class='ocr_line' id='line_1_30' title="bbox 167 1801 789 1850; baseline -0.002 -12"><span class='ocrx_word' id='word_1_221' title='bbox 167 1801 256 1847; x_wconf 85' lang='lat' dir='ltr'>verimus;</span> <span class='ocrx_word' id='word_1_222' title='bbox 269 1802 368 1850; x_wconf 77' lang='lat' dir='ltr'>plurimum</span> <span class='ocrx_word' id='word_1_223' title='bbox 380 1805 429 1838; x_wconf 84' lang='lat' dir='ltr'>certe</span> <span class='ocrx_word' id='word_1_224' title='bbox 437 1802 492 1838; x_wconf 89' lang='lat' dir='ltr'>etiam</span> <span class='ocrx_word' id='word_1_225' title='bbox 503 1802 538 1838; x_wconf 89' lang='lat' dir='ltr'>hoc</span> <span class='ocrx_word' id='word_1_226' title='bbox 552 1802 575 1837; x_wconf 90' lang='lat' dir='ltr'>ad</span> <span class='ocrx_word' id='word_1_227' title='bbox 587 1802 697 1837; x_wconf 86' lang='lat' dir='ltr'>sententiam</span> <span class='ocrx_word' id='word_1_228' title='bbox 707 1805 789 1838; x_wconf 87' lang='lat' dir='ltr'>nostram</span> 
     </span>
     <span class='ocr_line' id='line_1_31' title="bbox 168 1861 789 1899; baseline -0.002 -1"><span class='ocrx_word' id='word_1_229' title='bbox 168 1862 310 1899; x_wconf 82' lang='lat' dir='ltr'>confirmandam</span> <span class='ocrx_word' id='word_1_230' title='bbox 326 1862 379 1898; x_wconf 86' lang='lat' dir='ltr'>valet.</span> <span class='ocrx_word' id='word_1_231' title='bbox 405 1862 435 1898; x_wconf 85' lang='lat' dir='ltr'>Ab</span> <span class='ocrx_word' id='word_1_232' title='bbox 450 1862 484 1897; x_wconf 90' lang='lat' dir='ltr'>hac</span> <span class='ocrx_word' id='word_1_233' title='bbox 505 1862 554 1897; x_wconf 92' lang='lat' dir='ltr'>enim</span> <span class='ocrx_word' id='word_1_234' title='bbox 570 1861 645 1897; x_wconf 88' lang='lat' dir='ltr'>testium</span> <span class='ocrx_word' id='word_1_235' title='bbox 662 1861 707 1897; x_wconf 91' lang='lat' dir='ltr'>serie</span> <span class='ocrx_word' id='word_1_236' title='bbox 722 1861 789 1897; x_wconf 88' lang='lat' dir='ltr'>nullibi</span> 
     </span>
     <span class='ocr_line' id='line_1_32' title="bbox 167 1921 789 1970; baseline 0.002 -13"><span class='ocrx_word' id='word_1_237' title='bbox 167 1922 269 1970; x_wconf 87' lang='lat' dir='ltr'>interrupta</span> <span class='ocrx_word' id='word_1_238' title='bbox 277 1935 310 1970; x_wconf 93' lang='lat' dir='ltr'>pro</span> <span class='ocrx_word' id='word_1_239' title='bbox 318 1925 367 1959; x_wconf 90' lang='lat' dir='ltr'>certo</span> <span class='ocrx_word' id='word_1_240' title='bbox 376 1922 439 1959; x_wconf 90' lang='lat' dir='ltr'>haberi</span> <span class='ocrx_word' id='word_1_241' title='bbox 447 1921 509 1967; x_wconf 76' lang='lat' dir='ltr'>debet,</span> <span class='ocrx_word' id='word_1_242' title='bbox 516 1925 547 1970; x_wconf 84' lang='lat' dir='ltr'>aut</span> <span class='ocrx_word' id='word_1_243' title='bbox 558 1921 651 1969; x_wconf 84' lang='lat' dir='ltr'>neminem</span> <span class='ocrx_word' id='word_1_244' title='bbox 662 1934 743 1969; x_wconf 90' lang='lat' dir='ltr'>unquam</span> <span class='ocrx_word' id='word_1_245' title='bbox 754 1921 789 1958; x_wconf 88' lang='lat' dir='ltr'>hoc</span> 
     </span>
     <span class='ocr_line' id='line_1_33' title="bbox 168 1982 788 2030; baseline 0.003 -13"><span class='ocrx_word' id='word_1_246' title='bbox 168 1982 228 2028; x_wconf 88' lang='lat' dir='ltr'>ipsum</span> <span class='ocrx_word' id='word_1_247' title='bbox 239 1982 287 2029; x_wconf 92' lang='lat' dir='ltr'>quod</span> <span class='ocrx_word' id='word_1_248' title='bbox 299 1982 327 2018; x_wconf 89' lang='lat' dir='ltr'>illi</span> <span class='ocrx_word' id='word_1_249' title='bbox 340 1986 443 2018; x_wconf 77' lang='lat' dir='ltr'>constanter</span> <span class='ocrx_word' id='word_1_250' title='bbox 455 1982 557 2019; x_wconf 89' lang='lat' dir='ltr'>docuerunt</span> <span class='ocrx_word' id='word_1_251' title='bbox 569 1995 651 2030; x_wconf 81' lang='lat' dir='ltr'>negasse,</span> <span class='ocrx_word' id='word_1_252' title='bbox 662 1982 755 2030; x_wconf 81' lang='lat' dir='ltr'>neminem</span> <span class='ocrx_word' id='word_1_253' title='bbox 766 1982 788 2019; x_wconf 89' lang='lat' dir='ltr'>de</span> 
     </span>
     <span class='ocr_line' id='line_1_34' title="bbox 168 2041 826 2092; baseline 0.005 -15"><span class='ocrx_word' id='word_1_254' title='bbox 168 2041 276 2086; x_wconf 79' lang='lat' dir='ltr'>auctoritate</span> <span class='ocrx_word' id='word_1_255' title='bbox 286 2043 304 2078; x_wconf 80' lang='lat' dir='ltr'>S.</span> <span class='ocrx_word' id='word_1_256' title='bbox 312 2042 381 2089; x_wconf 81' lang='lat' dir='ltr'>Ignatii</span> <span class='ocrx_word' id='word_1_257' title='bbox 390 2042 487 2087; x_wconf 84' lang='lat' dir='ltr'>dubitasse,</span> <span class='ocrx_word' id='word_1_258' title='bbox 493 2046 525 2079; x_wconf 90' lang='lat' dir='ltr'>aut</span> <span class='ocrx_word' id='word_1_259' title='bbox 534 2042 549 2079; x_wconf 89' lang='lat' dir='ltr'>si</span> <span class='ocrx_word' id='word_1_260' title='bbox 558 2043 597 2092; x_wconf 90' lang='lat' dir='ltr'>quis</span> <span class='ocrx_word' id='word_1_261' title='bbox 605 2056 687 2091; x_wconf 88' lang='lat' dir='ltr'>unquam</span> <span class='ocrx_word' id='word_1_262' title='bbox 692 2043 711 2080; x_wconf 94' lang='lat' dir='ltr'>id</span> <span class='ocrx_word' id='word_1_263' title='bbox 719 2043 788 2089; x_wconf 84' lang='lat' dir='ltr'>feeerit,</span> <span class='ocrx_word' id='word_1_264' title='bbox 824 2048 826 2050; x_wconf 79' lang='grc'>’</span> 
     </span>
     <span class='ocr_line' id='line_1_35' title="bbox 170 2101 788 2149; baseline 0.006 -13"><span class='ocrx_word' id='word_1_265' title='bbox 170 2101 209 2149; x_wconf 82' lang='lat' dir='ltr'>ejus</span> <span class='ocrx_word' id='word_1_266' title='bbox 221 2101 330 2137; x_wconf 85' lang='lat' dir='ltr'>sententiam</span> <span class='ocrx_word' id='word_1_267' title='bbox 343 2101 365 2137; x_wconf 89' lang='lat' dir='ltr'>ab</span> <span class='ocrx_word' id='word_1_268' title='bbox 379 2102 418 2137; x_wconf 87' lang='lat' dir='ltr'>aliis</span> <span class='ocrx_word' id='word_1_269' title='bbox 431 2115 501 2149; x_wconf 87' lang='lat' dir='ltr'>semper</span> <span class='ocrx_word' id='word_1_270' title='bbox 513 2115 546 2149; x_wconf 90' lang='lat' dir='ltr'>pro</span> <span class='ocrx_word' id='word_1_271' title='bbox 558 2104 615 2140; x_wconf 89' lang='lat' dir='ltr'>nihilo</span> <span class='ocrx_word' id='word_1_272' title='bbox 625 2104 713 2146; x_wconf 86' lang='lat' dir='ltr'>habitam.</span> <span class='ocrx_word' id='word_1_273' title='bbox 739 2105 788 2142; x_wconf 75' lang='lat' dir='ltr'>Quo-</span> 
     </span>
     <span class='ocr_line' id='line_1_36' title="bbox 170 2160 789 2210; baseline 0.003 -14"><span class='ocrx_word' id='word_1_274' title='bbox 170 2171 242 2208; x_wconf 88' lang='lat' dir='ltr'>cunque</span> <span class='ocrx_word' id='word_1_275' title='bbox 258 2160 307 2196; x_wconf 89' lang='lat' dir='ltr'>enim</span> <span class='ocrx_word' id='word_1_276' title='bbox 323 2163 405 2208; x_wconf 86' lang='lat' dir='ltr'>tempore</span> <span class='ocrx_word' id='word_1_277' title='bbox 421 2160 500 2208; x_wconf 86' lang='lat' dir='ltr'>aliquem</span> <span class='ocrx_word' id='word_1_278' title='bbox 521 2161 572 2197; x_wconf 88' lang='lat' dir='ltr'>aliter</span> <span class='ocrx_word' id='word_1_279' title='bbox 592 2162 667 2198; x_wconf 88' lang='lat' dir='ltr'>sensisse</span> <span class='ocrx_word' id='word_1_280' title='bbox 686 2162 725 2210; x_wconf 89' lang='lat' dir='ltr'>quis</span> <span class='ocrx_word' id='word_1_281' title='bbox 746 2162 789 2199; x_wconf 85' lang='lat' dir='ltr'>velit</span> 
     </span>
    </p>
   </div>
   <div class='ocr_carea' id='block_1_6' title="bbox 169 2220 860 2270">
    <p class='ocr_par' dir='ltr' id='par_1_6' title="bbox 169 2220 860 2270">
     <span class='ocr_line' id='line_1_37' title="bbox 169 2220 860 2270; baseline 0.003 -13"><span class='ocrx_word' id='word_1_282' title='bbox 169 2221 250 2270; x_wconf 89' lang='lat' dir='ltr'>(qualem</span> <span class='ocrx_word' id='word_1_283' title='bbox 266 2225 329 2257; x_wconf 86' lang='lat' dir='ltr'>tamen</span> <span class='ocrx_word' id='word_1_284' title='bbox 345 2233 379 2268; x_wconf 82' lang='lat' dir='ltr'>ego</span> <span class='ocrx_word' id='word_1_285' title='bbox 395 2220 487 2256; x_wconf 86' lang='lat' dir='ltr'>nemiuem</span> <span class='ocrx_word' id='word_1_286' title='bbox 502 2222 587 2269; x_wconf 75' lang='lat' dir='ltr'>agnosco)</span> <span class='ocrx_word' id='word_1_287' title='bbox 610 2223 649 2270; x_wconf 75' lang='lat' dir='ltr'>eJ&#39;us</span> <span class='ocrx_word' id='word_1_288' title='bbox 665 2223 789 2270; x_wconf 84' lang='lat' dir='ltr'>importunam</span> <span class='ocrx_word' id='word_1_289' title='bbox 858 2260 860 2263; x_wconf 23' lang='lat' dir='ltr'><strong>f</strong></span> 
     </span>
    </p>
   </div>
   <div class='ocr_carea' id='block_1_7' title="bbox 168 2281 790 2511">
    <p class='ocr_par' dir='ltr' id='par_1_7' title="bbox 168 2281 790 2511">
     <span class='ocr_line' id='line_1_38' title="bbox 169 2281 788 2329; baseline 0 -11"><span class='ocrx_word' id='word_1_290' title='bbox 169 2281 302 2319; x_wconf 84' lang='lat' dir='ltr'>dubitationem</span> <span class='ocrx_word' id='word_1_291' title='bbox 311 2284 329 2317; x_wconf 90' lang='lat' dir='ltr'>et</span> <span class='ocrx_word' id='word_1_292' title='bbox 338 2294 359 2317; x_wconf 89' lang='lat' dir='ltr'>ea</span> <span class='ocrx_word' id='word_1_293' title='bbox 368 2293 408 2329; x_wconf 89' lang='lat' dir='ltr'>quae</span> <span class='ocrx_word' id='word_1_294' title='bbox 420 2284 549 2328; x_wconf 67' lang='lat' dir='ltr'>precesserunt</span> <span class='ocrx_word' id='word_1_295' title='bbox 557 2281 695 2329; x_wconf 81' lang='lat' dir='ltr'>improbabilem</span> <span class='ocrx_word' id='word_1_296' title='bbox 706 2282 788 2329; x_wconf 86' lang='lat' dir='ltr'>reddent,</span> 
     </span>
     <span class='ocr_line' id='line_1_39' title="bbox 168 2340 788 2391; baseline -0.002 -12"><span class='ocrx_word' id='word_1_297' title='bbox 168 2346 187 2380; x_wconf 90' lang='lat' dir='ltr'>et</span> <span class='ocrx_word' id='word_1_298' title='bbox 200 2355 221 2379; x_wconf 91' lang='lat' dir='ltr'>ea</span> <span class='ocrx_word' id='word_1_299' title='bbox 234 2354 274 2391; x_wconf 91' lang='lat' dir='ltr'>quae</span> <span class='ocrx_word' id='word_1_300' title='bbox 283 2344 383 2390; x_wconf 85' lang='lat' dir='ltr'>sequuntur</span> <span class='ocrx_word' id='word_1_301' title='bbox 391 2340 500 2387; x_wconf 88' lang='lat' dir='ltr'>testimonia,</span> <span class='ocrx_word' id='word_1_302' title='bbox 513 2340 580 2377; x_wconf 89' lang='lat' dir='ltr'>nullius</span> <span class='ocrx_word' id='word_1_303' title='bbox 592 2341 639 2389; x_wconf 89' lang='lat' dir='ltr'>apud</span> <span class='ocrx_word' id='word_1_304' title='bbox 650 2341 693 2378; x_wconf 88' lang='lat' dir='ltr'>alios</span> <span class='ocrx_word' id='word_1_305' title='bbox 705 2342 788 2390; x_wconf 88' lang='lat' dir='ltr'>ponderis</span> 
     </span>
     <span class='ocr_line' id='line_1_40' title="bbox 168 2401 789 2450; baseline -0.002 -10"><span class='ocrx_word' id='word_1_306' title='bbox 168 2406 200 2440; x_wconf 88' lang='lat' dir='ltr'>aut</span> <span class='ocrx_word' id='word_1_307' title='bbox 209 2402 321 2440; x_wconf 84' lang='lat' dir='ltr'>auctoritatis</span> <span class='ocrx_word' id='word_1_308' title='bbox 330 2402 386 2439; x_wconf 86' lang='lat' dir='ltr'>fuisse</span> <span class='ocrx_word' id='word_1_309' title='bbox 394 2401 503 2450; x_wconf 88' lang='lat' dir='ltr'>probabunt.</span> <span class='ocrx_word' id='word_1_310' title='bbox 525 2401 573 2438; x_wconf 73' lang='lat' dir='ltr'>Cum</span> <span class='ocrx_word' id='word_1_311' title='bbox 580 2401 636 2449; x_wconf 83' lang='lat' dir='ltr'>igitur</span> <span class='ocrx_word' id='word_1_312' title='bbox 644 2402 701 2438; x_wconf 88' lang='lat' dir='ltr'>nostri</span> <span class='ocrx_word' id='word_1_313' title='bbox 710 2407 789 2439; x_wconf 86' lang='lat' dir='ltr'>asserant</span> 
     </span>
     <span class='ocr_line' id='line_1_41' title="bbox 168 2462 790 2511; baseline 0.002 -12"><span class='ocrx_word' id='word_1_314' title='bbox 168 2464 273 2500; x_wconf 86' lang='lat' dir='ltr'>testimonia</span> <span class='ocrx_word' id='word_1_315' title='bbox 284 2477 324 2511; x_wconf 85' lang='lat' dir='ltr'>quae</span> <span class='ocrx_word' id='word_1_316' title='bbox 337 2463 437 2500; x_wconf 86' lang='lat' dir='ltr'>afferuntur</span> <span class='ocrx_word' id='word_1_317' title='bbox 450 2474 483 2510; x_wconf 89' lang='lat' dir='ltr'>pro</span> <span class='ocrx_word' id='word_1_318' title='bbox 496 2462 597 2509; x_wconf 76' lang='lat' dir='ltr'>Ignatianis</span> <span class='ocrx_word' id='word_1_319' title='bbox 605 2462 656 2510; x_wconf 85' lang='lat' dir='ltr'>paria</span> <span class='ocrx_word' id='word_1_320' title='bbox 667 2475 705 2498; x_wconf 89' lang='lat' dir='ltr'>esse</span> <span class='ocrx_word' id='word_1_321' title='bbox 716 2462 739 2499; x_wconf 87' lang='lat' dir='ltr'>iis</span> <span class='ocrx_word' id='word_1_322' title='bbox 750 2476 790 2511; x_wconf 79' lang='lat' dir='ltr'>quae</span> 
     </span>
    </p>
   </div>
   <div class='ocr_carea' id='block_1_8' title="bbox 168 2522 859 2577">
    <p class='ocr_par' dir='ltr' id='par_1_8' title="bbox 168 2522 859 2577">
     <span class='ocr_line' id='line_1_42' title="bbox 168 2522 859 2577; baseline 0.001 -17"><span class='ocrx_word' id='word_1_323' title='bbox 168 2535 201 2572; x_wconf 89' lang='lat' dir='ltr'>pro</span> <span class='ocrx_word' id='word_1_324' title='bbox 210 2524 296 2572; x_wconf 82' lang='lat' dir='ltr'>Epistolis</span> <span class='ocrx_word' id='word_1_325' title='bbox 305 2524 405 2562; x_wconf 85' lang='lat' dir='ltr'>Clementis</span> <span class='ocrx_word' id='word_1_326' title='bbox 414 2527 446 2560; x_wconf 87' lang='lat' dir='ltr'>aut</span> <span class='ocrx_word' id='word_1_327' title='bbox 454 2522 550 2570; x_wconf 83' lang='lat' dir='ltr'>Polycarpi</span> <span class='ocrx_word' id='word_1_328' title='bbox 563 2522 629 2559; x_wconf 86' lang='lat' dir='ltr'>adduci</span> <span class='ocrx_word' id='word_1_329' title='bbox 637 2522 695 2577; x_wconf 76' lang='lat' dir='ltr'>solent</span> <span class='ocrx_word' id='word_1_330' title='bbox 707 2527 738 2560; x_wconf 91' lang='lat' dir='ltr'>aut</span> <span class='ocrx_word' id='word_1_331' title='bbox 748 2536 789 2572; x_wconf 90' lang='lat' dir='ltr'>pos·</span> <span class='ocrx_word' id='word_1_332' title='bbox 855 2554 859 2560; x_wconf 74' lang='grc'><strong><em>,</em></strong></span> 
     </span>
    </p>
   </div>
   <div class='ocr_carea' id='block_1_9' title="bbox 168 2582 789 2698">
    <p class='ocr_par' dir='ltr' id='par_1_9' title="bbox 168 2582 789 2698">
     <span class='ocr_line' id='line_1_43' title="bbox 168 2582 789 2634; baseline 0 -12"><span class='ocrx_word' id='word_1_333' title='bbox 168 2588 217 2630; x_wconf 83' lang='lat' dir='ltr'>sunt,</span> <span class='ocrx_word' id='word_1_334' title='bbox 226 2597 259 2633; x_wconf 81' lang='lat' dir='ltr'>ego</span> <span class='ocrx_word' id='word_1_335' title='bbox 271 2589 332 2622; x_wconf 85' lang='lat' dir='ltr'>autem</span> <span class='ocrx_word' id='word_1_336' title='bbox 340 2585 398 2622; x_wconf 89' lang='lat' dir='ltr'>multo</span> <span class='ocrx_word' id='word_1_337' title='bbox 408 2583 495 2633; x_wconf 90' lang='lat' dir='ltr'>ampliora</span> <span class='ocrx_word' id='word_1_338' title='bbox 505 2582 650 2632; x_wconf 80' lang='lat' dir='ltr'>illustrioraque3</span> <span class='ocrx_word' id='word_1_339' title='bbox 664 2583 749 2632; x_wconf 88' lang='lat' dir='ltr'>Dallaeus,</span> <span class='ocrx_word' id='word_1_340' title='bbox 759 2585 789 2634; x_wconf 93' lang='lat' dir='ltr'>qui</span> 
     </span>
     <span class='ocr_line' id='line_1_44' title="bbox 168 2644 789 2698; baseline 0.002 -16"><span class='ocrx_word' id='word_1_341' title='bbox 168 2645 293 2698; x_wconf 82' lang='lat' dir='ltr'>antiquissima</span> <span class='ocrx_word' id='word_1_342' title='bbox 302 2646 370 2684; x_wconf 82' lang='lat' dir='ltr'>frustra</span> <span class='ocrx_word' id='word_1_343' title='bbox 381 2649 442 2695; x_wconf 80' lang='lat' dir='ltr'>negat,</span> <span class='ocrx_word' id='word_1_344' title='bbox 454 2645 502 2682; x_wconf 84' lang='lat' dir='ltr'>lianc</span> <span class='ocrx_word' id='word_1_345' title='bbox 514 2644 665 2693; x_wconf 87' lang='lat' dir='ltr'>comparationem</span> <span class='ocrx_word' id='word_1_346' title='bbox 676 2646 789 2683; x_wconf 90' lang='lat' dir='ltr'>nullomodo</span> 
     </span>
    </p>
   </div>
   <div class='ocr_carea' id='block_1_10' title="bbox 0 0 889 2957">
    <p class='ocr_par' dir='ltr' id='par_1_10' title="bbox 0 0 889 2957">
     <span class='ocr_line' id='line_1_45' title="bbox 0 0 889 2957; baseline 0 0"><span class='ocrx_word' id='word_1_347' title='bbox 0 0 889 2957; x_wconf 95' lang='lat' dir='ltr'> </span> 
     </span>
    </p>
   </div>
  </div>
 </body>
</html>
