1679 2935
354 268 466 294 1111111111.
682 260 718 295 323

96 365 161 414 hytero
169 364 228 413 Epist.
236 363 283 399 xcix.
296 361 327 410 [al.
336 360 372 397 xlv.
382 359 409 408 3.]
422 358 528 396 “Omnium
539 372 586 408 pene
597 357 667 408 judicio
679 358 719 408 dig-

96 439 131 463 nus
148 438 218 462 summo
235 423 335 461 sacerdotio
350 421 479 465 decernebar,’'
499 421 534 457 hoc
551 425 584 466 est,
602 421 717 469 Episcopatu.

96 487 154 535 Epist.
163 485 200 523 111.1
211 485 296 523 adversus
306 483 398 520 ioannem
410 481 604 529 Hierosolymitanurn,
617 482 677 518 “Nisi
688 494 720 518 me

96 546 154 583 honor
167 544 267 590 sacerdotii,
282 547 300 580 et
311 542 404 581 veneratio
416 540 496 578 nominis
510 541 619 586 refraenaret,
629 544 647 577 et
655 541 720 577 scirem

67 647 70 653 ¹
96 607 141 643 illud
150 605 237 655 Apostoli,
248 604 357 649 chtebeaa,
369 601 446 650 fratres,
461 602 502 650 qaue
513 601 598 649 Pectifca
612 604 638 638 est
645 616 651 645 ‚·
664 601 720 649 scrip-

97 670 133 703 tam
154 671 180 703 est
201 667 252 710 eattae,
274 663 357 711 Prtactpt
377 664 438 711 papati
460 663 487 700 aaa
508 674 543 699 aon
564 663 662 708 aaaledices,
685 675 720 711 qna

96 727 223 764 vociferatione
239 730 257 763 et
271 725 398 773 indignatione
415 724 511 761 verborum
527 723 549 759 de
566 727 599 760 tua
613 723 719 760 narratione

96 789 224 836 conquererer!
237 786 280 824 licet
288 785 326 835 ipsc
334 785 414 823 nominis
421 785 450 822 tui
458 787 544 822 extenues
553 784 667 833 dignitatem,
677 797 720 820 cum

96 851 166 894 patrem
182 859 229 895 pene
245 846 327 884 omniurn
343 845 475 894 Episcoporum
492 848 511 881 et
528 857 582 894 opere
599 849 618 882 et
635 856 719 882 sermone

96 907 202 956 despicias?
228 908 270 945 (luo
278 907 368 959 praecipue
377 908 460 955 spectant
471 917 492 942 ca
501 917 542 954 quae
552 908 595 943 ante
604 904 718 952 adduximus,

97 968 199 1006 “Ecclesiae
208 968 255 1005 salus
263 967 284 1005 in
292 967 359 1005 summi
367 966 464 1004 sacerdotis
473 965 563 1015 dignitate
571 966 657 1016 pendet.’'
672 967 719 1004 Cum
726 976 786 1021 Summa

96 1028 153 1078 igitur
165 1029 290 1078 Hieronymus
307 1029 330 1065 de
347 1027 464 1065 distinctione
480 1027 600 1075 Episcopatus
617 1041 629 1063 a
644 1014 800 1081 preshy-gfffm

96 1093 161 1135 teratu,
174 1090 196 1126 de
209 1090 290 1138 ejusdem
303 1089 358 1125 etiam
370 1087 509 1136 praeeminentia
521 1091 576 1134 atque
587 1090 682 1135 potestate,
697 1087 719 1124 de
727 1089 812 1134 rouymodo

95 1150 203 1187 necessitate
215 1161 268 1198 porro
277 1152 296 1187 et
305 1148 414 1196 antiquitate
422 1151 461 1184 tam
470 1147 661 1195 copiosedissoueu,
668 1147 720 1184 nulla
726 1127 785 1203 ξξῇῗω

96 1210 171 1248 rationis
180 1210 238 1259 specie
247 1213 278 1247 aut
283 1210 367 1250 Amiano
372 1209 453 1257 dogmati
461 1209 578 1255 consensisse,
588 1213 620 1246 aut
629 1210 719 1246 confertas

96 1271 165 1319 Ignatii
173 1271 272 1308 sententias
280 1271 356 1307 minime
364 1269 429 1307 vidisse
437 1260 498 1318 putari
506 1273 571 1318 potest.
757 1267 758 1271 ’

121 1331 234 1378 Hieronymo
246 1330 369 1378 Epiphanius]
380 1330 426 1365 mire
435 1330 536 1376 conjungit,
546 1342 568 1364 ex
576 1342 612 1377 quo
621 1330 657 1365 duo
665 1330 721 1378 potis-
728 1341 742 1367 a.
752 1340 774 1368 Do
781 1339 814 1378 Epi-

96 1389 163 1435 simum
169 1389 258 1436 observat,
264 1388 329 1439 primo,
336 1401 378 1425 eum
383 1391 395 1408 “
400 1388 540 1437 ignatianornm
546 1400 585 1427 non
592 1389 697 1428 meminisse
702 1391 721 1435 ,·’'
728 1377 785 1424 phanio.

96 1450 175 1488 seeundo
188 1453 200 1471 «
206 1450 288 1499 quaedam
296 1449 378 1499 posuisse
393 1462 434 1487 cum
443 1450 546 1498 ignatianis
555 1450 667 1499 apertissime
672 1465 720 1500 -png-
763 1462 766 1471 ²

95 1512 176 1548 nanta?
202 1512 278 1560 Propter
290 1511 329 1547 heec
343 1511 378 1547 duc
395 1523 453 1548 unum
470 1523 493 1547 ex
506 1511 566 1548 tribus
582 1511 633 1559 sequi
646 1512 677 1557 ait,
693 1513 721 1550 vel

96 1571 219 1619 Epiphanium
228 1571 328 1608 sententias
337 1571 359 1607 dc
368 1570 479 1619 Episcopatu
493 1584 532 1607 non
539 1571 611 1616 vidisse,
620 1576 684 1620 utpote
698 1573 721 1609 ab

97 1631 229 1678 interpolatore
243 1633 306 1678 postea
320 1630 407 1683 insertas;
421 1631 450 1666 vel
464 1631 555 1678 Epistulas
570 1631 678 1676 nescivissej
692 1632 722 1669 uel

97 1694 184 1739 tanquam
198 1691 250 1727 fictas
265 1690 404 1739 contempsisse,
424 1689 472 1739 quod
484 1690 598 1727 verisimilius
612 1695 670 1740 putat.
696 1692 721 1730 Et
728 1700 798 1729 Reoensio

97 1751 155 1799 primo
164 1751 237 1800 quidem
250 1751 308 1788 fateor
318 1751 442 1800 Epiphaniam
451 1751 520 1800 ignatii
531 1752 551 1788 111
563 1752 614 1790 libris
627 1753 649 1790 de
659 1754 721 1791 Haere-
728 1738 813 1814 ffllff’

98 1812 148 1848 sibus
156 1825 249 1860 nunquam
258 1812 372 1856 meminisse3
388 1816 407 1849 at
415 1824 457 1848 eum
465 1825 500 1849 nec
508 1813 601 1861 ignorasse
609 1814 653 1851 indo
662 1816 721 1862 sequi·
728 1816 752 1850 sn,
759 1824 806 1859 quos-¹

97 1875 133 1918 tur,
144 1884 179 1909 nec
191 1872 331 1920 contempsisse:
344 1884 403 1920 neqne
416 1872 431 1908 si
441 1872 556 1921 ignoraverit,
566 1876 594 1911 tot
607 1873 639 1910 illo
653 1887 690 1911 aevo
702 1878 721 1912 et
728 1854 815 1928 iiipillm

98 1932 166 1982 optime
177 1932 275 1970 scientibus
284 1937 302 1969 et
314 1946 384 1970 summe
396 1933 542 1981 predicantibus,
555 1935 664 1980 sententiam
679 1948 720 1973 nos·
727 1930 765 1959 nius.

97 1996 146 2030 tram
153 1993 190 2031 ullo
198 1994 253 2031 modo
260 1993 316 2039 ladit,
326 1998 357 2031 aut
365 1994 449 2042 negantis
461 1996 565 2043 argumenti
575 1996 653 2044 speciem
664 1997 722 2034 ullam

97 2053 158 2092 habet.
184 2055 280 2103 ignorasse
288 2067 326 2092 non
334 2055 420 2103 sequitur,
431 2055 473 2104 quia
481 2056 624 2105 quamplurimos
633 2057 722 2095 Auotorcs

97 2113 230 2150 laudatissimos
238 2119 257 2150 et
266 2116 289 2150 ad
297 2128 337 2150 rem
345 2128 397 2151 suam
406 2117 602 2153 accommodatissimos
614 2129 652 2154 non
659 2119 723 2155 lauda-

97 2175 183 2224 vitores
195 2179 258 2213 tamen
272 2188 314 2214 eum
330 2176 423 2225 ignorasse
434 2177 531 2215 verisimile
542 2192 581 2216 non
596 2183 629 2217 est.
656 2181 723 2219 Quales

97 2235 147 2273 fuere
153 2236 223 2285 Papias,
232 2236 352 2287 Hegesippus,
358 2237 474 2288 Theophilus,
479 2240 613 2290 Athenagoras,
619 2243 722 2288 Pantaenus,

97 2297 184 2347 Agrippa,
201 2299 273 2345 Melite,
295 2300 354 2346 Caius,
376 2300 474 2349 Dionysius
492 2301 603 2348 Corinthius,
623 2303 722 2351 Dionysius

97 2358 237 2404 Alexandrinus,
247 2359 342 2408 Philippus
356 2361 456 2408 Episcopus
463 2361 560 2406 Cretensis,
573 2362 673 2407 Musanus,
680 2363 722 2400 Mo-

98 2417 166 2462 destus,
179 2418 263 2463 Rhodon,
276 2419 375 2464 Miltiades,
385 2420 498 2466 Apollonius,
508 2420 601 2469 Serapion,
611 2421 721 2471 Theophilus

99 2476 222 2524 Oaesaeensis,
242 2478 272 2515 &a
300 2479 326 2515 Hi
340 2479 406 2527 aliique
420 2491 463 2516 sane
480 2481 609 2529 quamplurimi
623 2483 682 2520 multa
699 2484 722 2522 ad

98 2542 226 2587 argumentum
243 2539 341 2587 Epiphanii
357 2540 515 2588 opportunissima·
534 2541 625 2589 scripsere,
644 2557 722 2592 quorum

98 2598 166 2635 nullius
176 2599 207 2636 ille
220 2598 315 2636 meminit:
330 2603 456 2637 nemo'tameu
468 2613 510 2637 eum
518 2601 552 2638 hos
564 2615 633 2651 omnes,
642 2604 722 2655 aliosque

99 2673 143 2708 quos
158 2660 249 2709 praeteriit,
257 2664 289 2698 aut
297 2660 389 2707 ignorasse
398 2665 429 2697 aut
438 2663 566 2710 contempsisse
575 2664 629 2702 dicet.
655 2667 723 2709 hiemi-

259 2740 264 2754 1
273 2735 305 2763 Lib.
313 2737 358 2764 contr.
364 2735 415 2765 loann.
423 2735 518 2774 Hiorosclpm,
527 2739 533 2773 l
541 2737 563 2768 ia.

537 2790 574 2826 ea
