1679 2935
103 202 115 225 X
324 204 407 232 anulonis
419 205 511 232 Pumrarru

127 295 220 345 Equidem
233 301 261 335 tot
273 297 361 335 Virorum
374 298 550 343 Eruditissimormn,
564 300 672 336 mentando
684 300 730 337 nihil
745 298 746 302 ’

103 355 233 406 indigentium,
244 358 323 409 judiciis,
332 371 370 396 non
379 359 453 396 omnino
462 359 596 409 inexspectatis,
606 361 729 406 confirmatus,
773 409 775 412 .

104 419 125 456 in
134 419 236 468 Ignatianae
245 419 371 459 controversiae
381 421 443 458 lucum
456 434 497 458 mea
504 421 555 471 ligna
562 422 629 459 inferre
641 423 730 471 pepercis-

105 493 155 526 sem3
171 495 230 531 neque
247 483 297 519 enim
310 487 332 518 tu
345 495 423 528 mecum,
439 483 521 520 Candide
538 484 610 530 Lector,
626 496 686 521 comes
703 484 730 520 irc

106 544 184 590 optares,

290 622 338 641 rursus
344 612 428 650 perplexum
434 613 462 641 iter
468 621 510 641 omne
516 613 590 642 revolvens

253 659 373 697 Fattaetssylrae;
419 672 426 691 a.

105 738 141 776 nisi
150 738 193 775 alias
201 751 306 787 persuasum
315 743 362 775 esset
374 739 422 775 lianc
433 744 503 787 partem
515 739 583 776 laboris
590 739 631 776 'sine
641 739 730 777 Pearsoni

104 800 172 849 injuria
186 799 259 847 penitus
276 799 337 836 omitti
351 811 389 835 non
405 794 469 847 posse,
478 811 517 844 nec,
532 803 587 847 prout
602 799 664 837 amicis
681 800 728 837 bene

105 859 162 896 doctis
175 858 234 895 visum
248 861 280 904 est,
295 858 397 895 rationibus
409 858 438 895 his
453 859 528 895 omnino
540 860 634 908 neglectis,
644 872 730 897 coronam

104 920 163 956 adhuc
171 912 234 966 magni
242 920 326 954 Praesens
339 919 394 966 capiti
407 918 507 955 haerentem
519 930 573 967 posse
584 920 660 956 illaesam
673 924 728 969 atque

103 980 271 1017 immarcescentem
280 978 352 1016 servari.
373 978 414 1016 Nec
422 982 485 1015 tamen
494 978 538 1015 adeo
548 979 609 1016 animo
618 980 729 1029 obsequutus

104 1053 149 1085 sum,
158 1044 179 1077 ut
188 1041 216 1077 vel
224 1053 292 1085 omnes,
301 1040 330 1077 vel
338 1039 435 1077 maximam
448 1043 519 1088 partem
530 1040 674 1086 conclusionum,
684 1054 729 1091 quas

105 1101 171 1139 obtulit
184 1114 241 1139 noxus
257 1101 397 1150 ignatianornm
412 1101 536 1146 Adversarius,
552 1101 576 1138 ad
589 1114 665 1139 eramen
678 1115 729 1140 revo-

105 1174 176 1208 cerem,
191 1175 247 1210 quum
256 1162 299 1199 satis
308 1165 399 1199 constaret
407 1162 461 1199 Viros
471 1161 595 1209 (arausinas,
605 1175 649 1211 qnos
660 1175 729 1201 memo-

105 1223 148 1269 rari,
164 1223 207 1260 hnic
222 1222 294 1260 muneri
304 1235 345 1272 non
361 1222 444 1268 defuisse,
459 1226 482 1268 et,
496 1221 511 1259 si
524 1235 590 1271 paucas
603 1223 728 1272 expenderem,

105 1283 215 1333 sperandum
227 1287 274 1320 esset
283 1283 305 1320 de
314 1283 382 1320 caeteris
392 1286 416 1328 tc,
426 1284 492 1320 Lector
501 1283 588 1332 Candide,
597 1296 667 1333 aequam
676 1285 729 1322 facile

105 1345 217 1383 sententiam
225 1345 310 1381 latinum.

130 1404 198 1449 Habet,
207 1405 270 1449 fateor,
280 1404 314 1440 Vir
322 1404 353 1440 ilie
365 1403 481 1440 Reverendus
495 1416 582 1452 magnum
592 1396 698 1453 adjutorem,
711 1409 729 1441 et

105 1466 184 1505 eundem
192 1466 279 1515 Equitem
287 1466 386 1512 Illustrem,
395 1465 430 1515 qui,
441 1477 497 1514 quarm
507 1465 554 1502 hanc
563 1466 681 1514 quaestionem
691 1478 729 1504 non

104 1528 176 1565 minore
189 1526 260 1575 impetn
272 1529 326 1574 atque
335 1529 402 1563 conatu
415 1537 509 1574 aggressus
519 1526 548 1572 sit,
558 1538 612 1574 qnam
623 1525 638 1562 si
651 1526 729 1575 antesig-

104 1600 163 1625 nanus
172 1587 242 1633 t'uisset,
252 1587 274 1623 de
282 1600 312 1624 me
324 1587 400 1623 fortasse
414 1590 511 1634 questurus
520 1590 553 1632 est,
563 1586 579 1622 si
587 1599 654 1623 nomen
663 1587 701 1635 ejus
711 1590 729 1624 et

103 1649 174 1684 iabores
181 1649 253 1695 ingrato
259 1647 333 1694 penitus
340 1647 412 1684 silentio
417 1658 499 1694 premam
505 1652 522 1682 ¹⁰.
536 1647 565 1683 De
572 1658 607 1694 quo
614 1647 659 1683 Viro
665 1650 728 1684 tamen

104 1708 202 1746 admodum
210 1708 278 1744 invitus
286 1707 355 1755 loquor.
380 1707 442 1754 Eques
454 1706 485 1742 isse
498 1706 578 1743 illustris
585 1706 656 1754 jamdiu
664 1707 727 1756 viguit,

104 1773 122 1806 et
139 1768 188 1817 viget
204 1768 269 1814 adhue,
284 1767 363 1804 conciliis
381 1768 453 1815 Regum
468 1771 487 1803 et
503 1767 624 1813 Senatorum,
643 1780 728 1817 prospero

82 1861 84 1864 .
102 1830 194 1867 honorum
200 1841 275 1865 suorum
282 1828 360 1866 decursu
366 1828 405 1877 jam
412 1827 471 1864 adhuc
477 1826 554 1872 fruitur,
564 1827 612 1875 apud
617 1827 728 1876 Angligenas

104 1889 187 1927 amabilis
203 1890 269 1939 hospes
284 1892 406 1926 commoratur
411 1903 416 1933 ς
438 1888 487 1925 idem
510 1888 561 1925 nullo
578 1888 616 1926 fere
633 1888 728 1927 literarum

105 1951 164 1989 stadio
173 1963 211 1987 non
220 1950 319 1996 exereitus,
332 1949 376 1986 felix
384 1948 492 1992 studiorum,
500 1948 536 1985 nisi
544 1949 662 1997 [theologiam
671 1954 690 1986 et
698 1962 728 1987 res

94 2005 241 2049 'aeclesiasticas
258 2013 350 2047 tentasset.
376 2009 444 2057 Ecquis
455 2002 509 2054 aem,
527 2008 558 2058 qui
574 2010 661 2047 Pearsoni
678 2010 728 2048 'mite

104 2073 199 2123 ingenium
215 2076 233 2109 et
250 2071 351 2109 honestatis
364 2071 437 2108 laudem
452 2070 480 2107 vel
495 2070 549 2106 fando
564 2070 647 2116 audierit,
662 2073 728 2109 atrocis

104 2135 181 2183 hujusce
195 2132 290 2169 sententiae
307 2135 399 2185 auctorem
415 2130 464 2167 inter
479 2143 531 2166 sanos
545 2130 621 2167 Criticos
634 2132 727 2179 patietur?

106 2198 118 2215 “
124 2194 223 2240 Dahaens,”
233 2194 258 2230 ait
266 2193 301 2239 ille,
309 2194 320 2212 “
327 2194 416 2240 quantum
425 2190 508 2228 enitescit
517 2189 592 2228 collatus
601 2202 643 2228 cum
650 2191 728 2230 Censore

104 2256 140 2294 isto
154 2260 249 2303 arrogante
264 2258 283 2291 et
295 2252 383 2290 iracundo
396 2251 498 2289 Pcarsonol
525 2251 590 2288 Dailaei
602 2251 654 2298 iiber,
669 2253 728 2290 mani-

104 2318 173 2355 festum
180 2316 262 2354 veritatis
274 2314 361 2352 indicium
370 2327 408 2364 prae
417 2326 436 2350 se
443 2313 509 2358 ferens,
518 2312 598 2362 primum
607 2312 641 2350 sibi
649 2313 728 2352 n'ndioat

105 2380 165 2416 Iocum
180 2377 228 2425 apud
242 2376 363 2423 Philotogicos
376 2379 395 2411 et
410 2373 543 2411 Ecclesiasticus
554 2373 641 2410 Historia
655 2374 729 2411 Scruta-

104 2443 165 2477 tores:
178 2441 197 2474 at
202 2438 303 2474 Pearsonus
311 2436 358 2473 nihii
366 2435 409 2483 agit,
418 2434 454 2471 nisi
463 2433 511 2483 quod
516 2433 608 2470 sollertem
614 2434 728 2471 Advocatum

105 2502 175 2547 arguat,
185 2498 222 2546 qui,
232 2510 287 2546 quum
296 2497 376 2545 pejorem
389 2507 462 2532 cansam
474 2495 562 2531 tuendam
576 2494 611 2531 sibi
623 2495 728 2543 susceperit,

105 2559 179 2599 adhibet
193 2557 313 2596 eruditionem
326 2562 375 2595 certe
388 2557 472 2605 aliquam,
484 2555 516 2593 sed
527 2555 623 2605 probitatis
632 2559 651 2592 et
659 2557 728 2594 consei-

150 2685 159 2698 Μ
167 2679 219 2708 Ulnist.
225 2677 255 2708 Car.
262 2677 291 2707 Jos.
299 2677 360 2714 Bunsen,
368 2676 438 2706 Borussia
445 2675 488 2714 Regis
494 2674 532 2713 apud
539 2674 608 2712 Aagtiam
615 2674 679 2712 negans,
