1679 2935
329 208 440 235 1111111111,
504 212 506 217 ’
662 200 698 235 339

78 303 137 352 Opere
145 301 176 338 1111,
186 301 214 339 vii.
224 315 241 350 p.
249 301 286 338 161
292 298 305 345 ¹¹,
319 311 354 347 quo
364 298 403 334 sine
412 298 466 335 dubio
475 299 543 346 Ignatii
552 311 619 336 nomen
629 298 698 348 posuis-
755 348 757 350 v

78 368 105 401 set
112 365 200 409 Clemens,
210 362 225 400 si
233 361 324 411 Epistolas
331 360 369 409 ejus
378 371 460 406 unquam
468 359 547 397 vidisset.
566 362 616 398 Mira
624 361 697 410 quidem

77 425 116 462 11666
129 424 244 474 perspicacia,
257 428 276 460 et
290 420 381 459 scribendi
395 419 451 456 moris
466 420 513 468 apud
525 421 600 457 Veteres
608 422 697 458 'accurata

78 485 183 530 observatio,
196 497 236 532 quae
248 495 284 531 quo
296 481 371 528 quisque
382 480 423 516 1666
434 479 533 527 quemlibet
546 492 565 515 se
578 480 697 527 antiquiorem

40 562 41 565 ¹
78 545 171 583 nominare
180 543 267 588 debuerit,
281 540 362 577 indicare
373 539 438 590 potuit.
465 541 477 560 “
486 539 524 577 Ubi
532 539 589 577 tradit
598 540 698 577 Haeretieo-

78 620 119 644 rum
132 610 188 643 sectas
198 601 288 641 Hadriani
296 601 370 639 deinum
383 601 463 650 Augusti
474 600 587 650 temporibus
600 601 698 639 coalescere

79 667 159 713 coepisse,
167 666 279 710 opportunus
291 664 329 698 erat
341 662 391 698 loeus
404 661 502 712 ignatiana
514 666 577 697 nostra
589 673 699 697 commemo-

78 725 148 761 randi?
175 722 224 761 Quid
232 722 280 769 vero,
290 735 313 758 an
321 721 390 772 aliquid
401 719 482 759 insuam
494 722 699 770 senteutiam'extgua-

78 785 132 821 tiaris
144 784 217 821 trabere
228 784 303 831 potuit?
328 784 359 821 An
372 782 456 831 ignatius
468 783 496 819 illi
505 783 583 820 idoneus
597 782 649 820 testis
657 783 698 827 fuit,

78 858 100 883 eu
109 845 144 893 quo
158 844 243 892 probaret
256 843 356 882 Haeretioos
370 856 409 881 non
421 843 458 881 nisi
472 844 505 881 sub
519 843 609 881 Hadriani
623 843 699 893 imperio

79 905 158 954 eoepisse,
168 904 253 953 cumipse
262 908 304 942 ante
310 904 424 942 Hadrianum
433 904 535 942 submodio
541 904 615 953 Trajani
622 904 698 954 imperio

77 978 141 1014 passus
154 965 190 1002 sit?
215 966 261 1002 Nori
272 965 357 1002 boc'surlt
368 965 402 1001 Vir
415 965 539 1001 doctissimus:
552 965 576 1001 ad
588 965 699 1002 sententiam

78 1039 129 1061 suam
137 1025 279 1062 confirmandam
287 1038 325 1062 nou
333 1026 392 1075 potuit
401 1026 485 1063 Clemens
493 1026 587 1075 ignatium
598 1025 698 1071 nominare,

78 1087 140 1131 debuit
153 1087 176 1123 ad
188 1086 311 1138 refellendam.
337 1087 408 1124 Duram
419 1085 500 1135 profecto
511 1085 570 1134 legem
581 1085 699 1134 scriptoribus

78 1146 157 1196 antiquis
164 1146 210 1195 figit,
220 1147 251 1196 qui
258 1147 384 1185 necessitatem
395 1147 417 1184 iis
425 1147 503 1195 imponit
512 1146 581 1184 citandi
590 1146 697 1184 clarissimos

77 1207 162 1244 Ecclesiae
178 1207 275 1244 Antistites
292 1211 355 1244 contra
372 1221 423 1244 suam
440 1208 555 1244 sententiam.
580 1208 647 1254 Neque
663 1207 699 1243 hoe
713 1214 715 1216 ’

77 1268 115 1303 vult
128 1268 162 1303 Vir
175 1265 298 1314 doetissinms',
312 1268 356 1316 quid
369 1268 440 1316 igitur?
466 1270 478 1286 “
486 1267 593 1315 ignatianas
607 1266 699 1315 Epistolas

77 1327 171 1365 traditioni
183 1339 220 1364 suae
232 1327 344 1376 apertissime
355 1329 478 1376 repugnantes
491 1326 507 1363 si
520 1326 618 1373 scivisset?
632 1327 700 1377 aliquid

77 1392 125 1426 66116
133 1388 212 1433 fecisset,
221 1388 270 1436 quod
277 1401 316 1425 11611
324 1388 379 1425 feeit:
393 1388 437 1436 quid
445 1391 507 1424 antem
511 1387 546 1425 hoe
555 1387 595 1425 est?
611 1389 663 1426 “Vel
670 1401 699 1426 eas

77 1449 192 1486 refutasset.”
218 1449 309 1486 imovero
321 1448 459 1496 hocnunquam
471 1448 548 1485 fecisset.
575 1439 706 1497 Quisquamne

78 1509 167 1546 Veterum
182 1509 327 1546 Christianorum
344 1520 385 1545 eam
399 1508 421 1545 de
438 1508 570 1556 antiquioribus
587 1509 671 1546 Patribus
680 1513 698 1546 et

64 1593 66 1595 -
75 1568 576 1617 1161166611[1611611610161111111116111116111111111111
586 1568 695 1616 opinionem,

75 1629 98 1665 de
107 1628 164 1679 seipso
173 1641 212 1666 eam
221 1628 380 1679 praesumptionem
388 1627 457 1675 habuit,
466 1633 488 1666 ut
494 1641 525 1667 eos
532 1628 574 1674 ideo
582 1629 695 1678 produceret,

76 1703 110 1739 quo
121 1692 212 1728 refelleret
220 1695 239 1728 et
249 1691 342 1737 refirtaret,
352 1703 387 1739 quo
396 1690 454 1738 aperti
463 1689 553 1727 mendacii
563 1693 581 1727 et
593 1688 634 1727 falsi
645 1691 696 1727 testi-

76 1751 132 1788 monii
140 1763 180 1789 reos
188 1751 273 1789 teneret?
294 1751 364 1789 Verum
373 1751 388 1788 si
396 1751 430 1788 hoe
439 1764 477 1788 non
485 1744 563 1795 fecisset,
577 1753 589 1771 “
597 1763 649 1787 suam
656 1751 696 1799 ipse
751 1784 752 1787 ,

74 1811 191 1849 traditionem
204 1811 228 1849 ad
240 1812 305 1848 harum
317 1824 401 1848 normam
414 1810 537 1847 correxissetJ⁷
563 1813 613 1847 Ante
627 1811 696 1848 dixerat

75 1863 217 1920 “opportunum
229 1872 278 1909 hune
290 1872 350 1909 loeum
359 1883 397 1909 esse
406 1872 504 1921 ignatianis
515 1874 580 1917 nostra
587 1870 696 1909 commemo·
709 1908 711 1911 ,

75 1933 145 1979 randi,'’
163 1946 218 1980 mino,
235 1933 251 1969 si
265 1937 427 1980 commemorasset,
445 1932 556 1970 sententiam
574 1932 629 1970 suam
639 1935 696 1970 “eor-

66 1994 171 2039 rexisset:”
191 1998 209 2031 at
226 2007 266 2031 eam
281 1994 333 2031 aliter
349 1994 438 2042 corrigere
453 1993 569 2041 nonfpotuit,
586 1993 621 2030 uisi
638 1997 698 2031 totam

75 2054 186 2090 obliterasset
203 2056 257 2101 atque
274 2053 395 2100 expunxisset.
422 2052 504 2090 Hoeciue
521 2052 642 2089 antembuie
657 2053 698 2091 loeo

74 2116 196 2160 opportunum
204 2126 244 2150 6116
252 2108 317 2162 potuit,
324 2114 372 2161 quod
380 2118 441 2151 totum
450 2117 538 2151 everteret
547 2117 565 2151 61
574 2115 697 2162 expungeret?

75 2174 120 2211 Haec
129 2174 189 2211 omnia
201 2180 255 2211 merae
268 2178 311 2212 111111
320 2175 435 2224 conjecturae,
449 2180 468 2212 61
477 2175 551 2224 quidem
563 2175 697 2222 infelicissimae,

73 2246 107 2271 neo
116 2235 184 2284 Ignatii
192 2235 285 2285 Epistolis,
294 2248 328 2273 1166
336 2236 428 2285 proposito
437 2236 582 2274 Clementis'ullo
590 2237 645 2275 modo
654 2248 697 2274 con-

5 2336 13 2344 ,
74 2295 171 2332 1611611161,
191 2297 276 2331 Clemens
284 2309 322 2331 non
329 2308 392 2332 omnes
401 2297 484 2332 Haereses
493 2296 578 2343 respexit,
587 2297 619 2332 sed
627 2296 698 2343 aliquas

8 2350 15 2408 ’ᾖ
73 2357 146 2392 tantum
155 2365 187 2391 sua
194 2357 248 2391 aetate
256 2354 334 2391 marimo
342 2355 453 2402 conspicuas,
461 2357 480 2391 et
488 2353 559 2403 seriptis
565 2355 620 2392 etiarn
628 2355 698 2406 ubique

73 2421 118 2452 111116
127 2413 213 2463 temporis
223 2413 307 2459 celebres,
317 2413 381 2462 quibus
393 2415 471 2452 maxime
480 2415 570 2452 Catholici
578 2417 697 2464 vexabantur,

75 2488 116 2511 611111
129 2474 239 2523 antiquiores
252 2474 291 2511 aliae
304 2474 343 2522 jam
354 2487 401 2523 pene
410 2474 530 2512 evanuissent.
557 2476 631 2514 Harum
644 2478 698 2516 initia

75 2535 134 2583 aliquo
145 2535 199 2572 modo
210 2535 284 2579 indicat,
298 2535 379 2571 Ecclesia
391 2536 498 2582 posteriores
512 2537 598 2588 ostendit,
610 2551 644 2575 1166
658 2543 697 2575 tam

76 2595 148 2642 quidem
157 2596 240 2643 antiquas
247 2608 301 2643 quam
309 2595 344 2643 ipsi
351 2595 466 2646 jactitabant.
487 2596 541 2634 Quod
550 2597 599 2634 enim
608 2599 696 2636 Basilides

228 2670 234 2689 ¹¹
245 2671 277 2707 Cap.
288 2671 322 2700 1111,
333 2671 377 2706 §ibt
387 2679 400 2706 p,
409 2671 439 2705 898,
447 2670 468 2698 ed.
476 2670 529 2699 Potter.
