1747 2957
183 203 219 240 108
302 215 311 238 .·
384 213 618 244 111111111101110111.»

184 336 186 344 2
209 305 250 343 Scio
257 306 374 353 Pearsonum,
381 311 447 356 praeter
455 308 504 345 hunc
512 307 609 353 Gobarum,
617 307 714 345 concedere
723 308 805 346 etAnas-

183 367 251 405 tastum
260 368 396 406 Antioclienrun
404 369 424 407 in
430 368 567 418 ‘interpolatam
576 368 698 417 Epistolarnm
709 369 806 407 editionem

184 428 284 465 incidissel.
295 430 297 432 ’
311 429 365 467 duod
373 430 422 476 fecit,
431 433 452 466 ut
461 430 530 478 opinor,
539 430 613 466 Usserio
622 430 738 479 obsequntus,
748 430 807 478 quiin

184 488 237 526 Nott.
250 488 274 526 ad
284 490 315 526 fin.
325 490 383 538 Epist.
393 490 463 539 interp.
477 490 500 527 ad
509 490 603 539 Ephesios,
613 494 631 527 et
645 490 668 527 ad
680 491 805 540 Polycarpum,

184 548 285 587 observavit
293 550 352 597 verba,
361 549 425 598 Ἀμὴν,
433 551 444 599 ἡ
453 550 512 602 χάρις,
521 565 559 589 non
567 552 603 588 nisi
610 552 631 588 in
640 552 696 589 Codd.
705 551 806 600 interpola-

135 626 137 629 ·
184 614 246 646 torum
261 623 298 647 uno
315 615 347 647 aut
364 612 420 648 altero
435 615 479 648 tunc
493 612 700 660 temperisrcomparere.
730 613 807 648 Sanetus

185 673 246 706 autem
261 671 364 718 Gregorius,
378 672 437 719 Epist.
450 672 553 717 11111137,
568 672 593 708 sic
605 672 687 709 rescribit
698 671 806 708 Anastasio:

185 730 271 765 “Arrtcn:
287 731 356 766 Gratia,
384 731 429 768 Quae
445 730 529 767 videlicet
544 732 603 777 rerba,
619 732 641 768 dc
658 732 728 780 scriptis
743 732 807 768 vestris

184 788 262 837 accepta,
268 788 338 826 idcirco
346 789 366 825 in
372 790 417 826 meis
423 791 510 838 Epistolis
516 803 570 840 pono,
577 796 599 827 ut
608 792 630 828 de
641 793 660 829 S.
666 793 739 840 ignatio
747 796 807 829 restra

183 849 276 887 beatitudo
291 854 393 897 cognoscat,
407 850 449 898 quia
463 863 501 887 non
516 851 574 887 solum
588 856 648 888 vester
661 856 694 898 est,
708 853 807 890 sedetiam

183 911 262 948 noster.”
289 910 344 948 Unde
354 911 453 948 rectissime
465 911 534 959 colligit
542 912 628 949 Usserius
637 913 675 949 haec
683 914 738 950 verba
745 913 766 951 in
774 927 807 951 sno

184 972 257 1019 ignatio
263 971 381 1011 Anastasium
387 973 457 1020 legisse.
483 973 509 1008 At
517 985 559 1008 vero
571 985 593 1008 ex
601 974 710 1009 Armeniaca
718 975 807 1011 Versione

182 1031 221 1081 jem
229 1035 299 1069 constat
309 1032 348 1069 haec
355 1030 411 1070 rerba
422 1033 466 1070 olim
476 1032 497 1069 in
507 1033 544 1070 fine
556 1033 657 1070 sincerioris
667 1033 754 1081 Epistola
762 1034 807 1070 utri·

183 1106 240 1141 usqne
252 1092 308 1129 fuisse
320 1093 369 1130 lecta
373 1106 378 1137 ;
395 1092 436 1143 (vid.
446 1094 562 1130 Petermann.
577 1092 605 1130 ed.
618 1107 636 1142 p.
644 1095 673 1132 59.
683 1097 701 1130 et
710 1094 758 1143 286.)
771 1090 806 1143 quo

184 1155 273 1203 patefacto
286 1154 392 1203 suspicionis
404 1155 456 1192 istius
469 1149 527 1192 omnis
541 1167 594 1192 causa
607 1154 714 1204 jamdudum
728 1156 805 1193 evanuit.

185 1215 288 1251 Curetonus
302 1215 375 1262 quidem
391 1216 417 1251 ait
431 1216 497 1251 “inter
511 1216 612 1262 complures
627 1216 671 1252 alios
687 1216 747 1252 saeculi
761 1216 807 1252 sexti

185 1274 299 1323 scriptores?
306 1275 396 1323 longiores
404 1275 495 1324 Epistolas
504 1275 568 1311 citasse
577 1275 709 1311 Anastasium0.
735 1275 759 1312 Id
764 1280 806 1313 vero

185 1348 218 1384 pro
227 1336 284 1372 nimia
295 1348 332 1381 sua,
342 1348 397 1383 quam
408 1337 476 1372 nollem
489 1348 530 1372 cum
538 1337 670 1384 interpolatore
683 1337 806 1383 contraxisset,

186 1395 267 1433 caritate.
294 1396 327 1432 Sin
336 1396 401 1442 lirinus,
410 1396 455 1432 istos
464 1396 564 1445 complures
573 1396 657 1432 ostendat
665 1395 724 1433 velim.
791 1440 797 1451 v

210 1459 262 1495 Inter
278 1458 339 1495 saeculi
355 1458 414 1495 octavi
430 1463 485 1494 testes
503 1458 648 1503 adnumeremus,
664 1458 679 1494 si
695 1458 725 1495 cui
740 1458 805 1507 placet,

182 1518 312 1555 Vener-abirem
326 1518 396 1555 Bedam
409 1517 505 1555 nostrumf.
532 1517 580 1555 Milri
593 1530 635 1573 vero
647 1530 685 1554 non
697 1521 775 1564 constat,
784 1522 806 1556 ut

184 1592 237 1627 supra
244 1578 313 1624 monui,
323 1578 391 1626 Ignatii
398 1578 488 1627 Epistolas
496 1578 523 1614 illi
531 1578 587 1614 fuisse
596 1578 619 1614 ad
627 1590 708 1614 manum.
762 1578 764 1580 ’

207 1640 236 1675 De
250 1640 262 1675 J
263 1651 326 1676 oannes
334 1639 448 1676 Damasceno
462 1638 579 1684 monendum,
593 1630 641 1686 quod
653 1642 719 1686 praeter
730 1639 770 1675 loca
782 1650 806 1675 ex

182 1699 268 1747 Epistolis
281 1699 304 1735 ad
314 1700 407 1747 Ephesios,
416 1698 523 1744 Trallenses,
534 1700 642 1747 Smyrnaeos,
649 1699 670 1734 'et
678 1699 805 1746 Polycarpum,

183 1759 238 1796 allata
247 1772 257 1795 a
265 1759 362 1805 Pearsono,
372 1759 407 1795 alia
417 1759 453 1796 duo
461 1759 566 1796 brevissima
578 1758 627 1804 citat,
637 1771 659 1799 ex
666 1755 714 1806 Epli.
724 1761 742 1795 et
751 1759 805 1807 Poly-

183 1826 244 1869 carpss,
259 1833 298 1869 quae
315 1820 364 1870 apud
378 1820 468 1869 Lequieni
485 1820 584 1857 editionem
600 1820 657 1857 obvia.
684 1819 737 1856 idem
750 1820 806 1857 semel

183 1881 256 1920 adducit
268 1881 326 1931 Epist.
336 1882 416 1931 spuriam
431 1882 454 1919 ad
461 1881 548 1918 Antioch.
558 1893 573 1917 c.
582 1879 624 1926 11¹¹,
639 1883 657 1916 et
669 1883 706 1917 tres
718 1883 749 1917 ant
762 1892 805 1929 qua-

183 1946 224 1980 tuor
237 1942 342 1980 sententias·
349 1944 429 1990 Ignatio.
436 1942 528 1986 adscribit,
538 1955 578 1989 quae
589 1954 680 1989 nusquam
691 1941 712 1978 in
725 1942 804 1986 sinceris,

184 2005 215 2038 aut
228 2002 347 2050 interpolatis,
358 2006 390 2038 aut
403 2002 481 2050 denique
495 2000 566 2050 spuriis,
578 2000 631 2037 hodie
645 1999 728 2037 exstanti.
754 2001 805 2038 Duas

185 2074 207 2098 ex
214 2062 243 2098 his
252 2062 359 2109 posteriores
368 2063 412 2099 citat
421 2063 476 2099 etiam
482 2061 574 2099 Antonius
580 2062 660 2106 Melissa,
671 2062 701 2109 qui
709 2062 777 2109 primus
786 2066 804 2099 et

185 2121 239 2167 solus,
254 2121 302 2170 quod
315 2121 376 2167 sciam,
389 2122 433 2159 citat
446 2121 548 2171 Epistolam
561 2121 625 2158 Mariae
637 2121 768 2159 Castabalensis
781 2122 805 2160 ad

183 2182 284 2232 ignatium.
340 2213 341 2216 η
616 2182 617 2185 ’

191 2263 193 2266 v
210 2244 279 2280 Saeculo
295 2255 345 2279 nono
359 2243 435 2286 ineunte
451 2243 513 2279 floruit
526 2242 630 2278 Theodorus
645 2242 732 2287 Studites,
750 2256 803 2291 quem

184 2306 258 2343 adducit
269 2284 375 2350 Coteleriui,
384 2304 417 2349 vir,
430 2304 495 2340 sinon
507 2303 626 2340 humanitatis
638 2303 697 2349 laude,
710 2303 804 2342 literarum

182 2371 232 2403 certe
245 2365 306 2403 studio
319 2364 448 2402 memorabilis.
474 2363 524 2401 Citat
536 2363 567 2399 ille
581 2375 603 2399 ex
610 2362 693 2411 Epistola
706 2363 729 2399 ad
742 2364 803 2413 Smyr-

181 2439 236 2472 naeos,
249 2424 385 2476 Προφυλάσσω
397 2423 443 2472 ὑμᾶς
454 2422 491 2461 ἀπὸ
503 2425 539 2460 τῶν
551 2422 617 2473 θηρίων
628 2424 664 2459 τῶν
675 2421 804 2474 ἀνθρωπομόρ-

201 2549 207 2567 ¹³
217 2550 262 2587 Supra
267 2551 283 2578 111
289 2551 349 2580 Prooem.
357 2559 368 2578 c.
374 2551 393 2580 vi.
460 2567 462 2569 ·
524 2548 531 2566 ¹¹
540 2548 562 2576 111.
569 2548 584 2576 11,
592 2549 623 2583 358,
628 2547 642 2576 d.

201 2593 207 2607 θ
216 2588 235 2623 In
241 2588 313 2617 Vindiciis
319 2590 353 2624 suis,
359 2598 373 2625 p.
379 2591 400 2617 50.
524 2586 527 2605 ῑ
541 2586 562 2615 lb.
569 2586 584 2615 ii.
594 2585 648 2621 351111
654 2587 701 2623 trac.
709 2587 740 2624 642,
747 2597 758 2617 o.
769 2588 803 2618 rid.

202 2625 207 2644 ‘
217 2627 253 2663 Opp.
260 2627 332 2655 ed.'anil.
338 2636 352 2656 1,
359 2628 400 2656 rire.
469 2648 471 2650 v
506 2624 583 2654 Jucohsoni
589 2624 615 2654 nd.
622 2624 671 2661 11494.

200 2669 207 2689 r
216 2663 243 2694 1111.
249 2664 316 2701 Lequien.
323 2665 339 2694 ii.
347 2664 394 2700 asra.
402 2664 449 2700 1211,
