1679 2935
249 230 321 258 cortina
333 229 433 257 ranarum
445 230 566 259 narratura.
683 224 718 259 149

99 319 149 360 tione
155 322 256 360 Dominicae
265 323 328 369 crucis,
338 327 356 360 et
365 323 400 360 alia
407 314 500 371 Scriptura
508 323 531 360 de
539 322 648 360 Inventione
657 323 793 372 1111111111111-

99 385 121 420 B.
132 385 208 419 loannis
216 385 305 432 Baptistae
312 385 389 421 norellae
397 385 470 431 quidem
480 384 578 420 relationes
590 387 638 429 sunt,
648 387 666 419 et
674 364 800 437 1111111ῧῇξο

99 444 145 481 nulli
159 456 188 481 eas
203 445 292 482 Catholici
308 445 391 492 lcgunt.”
417 444 488 482 Verum
503 444 549 481 tales
565 445 668 493 scripturas,
684 438 813 506 Sivediioiidiffi

99 506 159 553 libros,
167 506 233 544 Gelasii
240 520 277 544 aevo
284 507 373 544 exstitisse
380 519 418 543 non
425 510 502 556 apparet.
521 507 555 543 Est
562 507 634 556 quidem
642 505 720 551 libellus,
728 516 811 545 exstabant:

99 568 147 605 inter
156 570 234 617 operas.
242 569 332 618 Cypriano
341 569 385 606 falso
394 563 476 616 ascripta,
485 570 531 606 “Dc
539 569 648 606 revelatione
654 567 720 616 'eapitis

100 629 176 666 loannis
185 630 291 679 Baptistae?
305 634 323 667 et
336 630 352 666 si
362 630 442 667 Barenie
454 627 563 667 eredendum
572 629 601 675 sit,
610 629 630 666 in
638 629 720 666 111111111-

99 691 180 727 tionibus
192 691 215 727 ad
223 691 385 739 Martyrologium,
391 693 455 738 quarto
465 690 508 726 Kal.
518 689 630 737 Septembris
634 704 639 733 3
653 691 665 707 “
671 689 722 736 cujus

99 749 142 787 fidei
150 750 174 787 sit
182 751 277 788 Tractatus
285 751 316 788 ille
325 750 404 787 declarat
413 748 489 787 censura
498 750 571 795 Gelasii,
578 750 609 799 qui
618 750 644 786 sic
652 762 673 785 ea
682 761 721 797 quae

99 810 125 848 ibi
137 815 180 848 sunt
191 801 264 861 reliquit
276 812 348 849 lectoris
362 811 441 858 arbitrio,
451 813 472 848 nt
487 823 527 859 quae
535 824 577 848 vera
585 810 614 847 vel
626 810 671 847 falsa
684 809 721 847 sint

100 876 143 909 ante
158 874 248 910 examinet
264 887 322 923 quam>
331 873 414 922 probet.''
441 873 478 909 Sed
492 873 561 910 Gelasii
578 885 653 922 censura
670 872 721 920 cujus

99 933 142 971 fidei
150 934 174 970 sit
182 935 276 971 Tractatus
283 935 314 971 ille
323 934 413 971 declarare
421 935 459 970 non
466 934 536 983 potuit:
550 928 628 984 scriptus
636 933 685 970 enim
694 938 721 969 est

100 996 194 1031 Tractatus
208 996 247 1044 ipse
260 1000 301 1044 post
313 997 441 1032 Marcellinum
450 996 546 1041 Comitem,
555 996 607 1043 cujus
616 994 721 1031 Chronieon

100 1055 153 1093 citat:
172 1056 276 1093 Cln'onicen
287 1060 348 1093 autem
361 1055 464 1092 Marcellini
476 1054 507 1091 diu
516 1059 558 1103 post
567 1055 634 1091 Celasii
642 1055 720 1091 mortem

100 1116 188 1165 scripturn
199 1121 234 1154 est.
253 1117 326 1166 *Fertur
343 1116 417 1165 quidem
432 1116 531 1165 Dionysius
547 1116 628 1164 Exiguus
645 1115 721 1151 eandem

99 1178 229 1213 revelationem
238 1189 260 1213 ex
269 1179 333 1214 Graeca
342 1177 426 1217 Marcelli
434 1177 589 1214 Archimandritae
600 1176 688 1212 relatione
700 1176 721 1223 in

99 1237 181 1283 linguam
190 1238 275 1273 Latinam
283 1236 402 1282 transtulisse,
411 1241 433 1272 ut
445 1237 572 1272 eam‘nomani
584 1237 665 1285 legerent
670 1252 676 1282 3
689 1235 722 1272 sed

100 1302 118 1334 et
127 1297 225 1346 Dionysius
233 1298 264 1334 ille
272 1302 313 1346 post
322 1298 392 1335 obitum
402 1298 470 1345 Gelasii
479 1298 555 1346 scripsit.

124 1357 224 1395 Decretum
237 1358 290 1395 docet
303 1359 389 1395 Marcum
401 1359 537 1405 Evangelistam
548 1361 560 1378 “
566 1358 665 1405 gloriosum
678 1369 721 1394 con·
729 1366 744 1392 11
750 1364 767 1392 de
785 1403 788 1410 .

100 1431 199 1456 summasse
216 1418 327 1470 Martyrium
331 1419 354 1466 5³¹
377 1424 396 1457 at
416 1419 451 1457 lroc
472 1432 532 1468 neque
548 1418 644 1465 Eusebius,
661 1431 721 1467 neque
729 1402 799 1471 ἕῖᾚζζζῖ

101 1481 225 1530 Hieronymus
234 1486 276 1518 ante
283 1482 377 1521 Gelasium
384 1481 465 1527 tradidit,
474 1493 533 1530 neque
541 1485 583 1530 post
591 1494 634 1518 eum
640 1481 721 1517 Isidorus
784 1478 787 1484 '

101 1541 225 1589 Hispalensis:
242 1546 263 1578 ut
276 1543 320 1579 Vita
334 1543 353 1579 S.
363 1542 428 1588 Marci,
443 1542 463 1578 in
476 1556 511 1591 qua
523 1543 562 1591 ejus
573 1541 681 1591 martyrium
690 1542 721 1578 de-

101 1603 190 1646 scribitur,
204 1608 245 1650 post
259 1603 330 1647 Isidori,
344 1607 387 1639 aute
400 1604 461 1648 Bedae,
470 1607 489 1639 et
497 1603 582 1639 Auctoris
591 1602 664 1639 Decreti
674 1605 720 1637 tem-

100 1674 144 1709 pora
152 1663 218 1711 scripta
227 1674 264 1699 esse
273 1662 360 1700 rideatur.

125 1722 214 1772 Denique,
223 1724 271 1772 quod
281 1736 360 1772 praesens
369 1724 464 1773 negotium
476 1723 555 1761 maxime
567 1727 642 1772 spectat,
651 1724 721 1760 Auctor
729 1731 786 1778 Auctor

102 1784 124 1820 de
132 1781 206 1821 Ruffino
215 1797 270 1833 agens
280 1784 312 1830 ait,
325 1787 337 1804 “
343 1785 378 1821 rna
391 1785 478 1821 sentimus
485 1788 531 1834 vqnae
543 1786 622 1821 Beatum
630 1784 722 1835 Hierony·
729 1770 787 1799 Deeren
793 1780 808 1799 se

731 1817 762 1837 enm
769 1808 811 1838 Hier-

101 1858 152 1883 iuum
165 1845 232 1883 sentire
247 1846 382 1894 cognoscimus:
401 1849 419 1883 11
432 1859 472 1884 non
487 1847 546 1884 solnm
561 1846 583 1884 de
597 1847 676 1893 Ruffino,
691 1847 723 1884 sed
731 1856 782 1891 9113'1110

101 1906 157 1943 etiam
170 1906 193 1943 de
204 1906 298 1952 universis,
312 1920 356 1955 quos
367 1907 394 1943 vir
406 1907 469 1955 saepiam
482 1912 592 1944 memoratus
605 1909 644 1944 zelo
656 1908 692 1944 Dei
704 1913 723 1945 et
730 1885 805 1956 {praeripieban-

100 1967 144 2003 fidei
156 1967 244 2015 religione
256 1968 392 2016 repreliendit.”
418 1969 464 2006 aare
477 1969 532 2006 verba
544 1980 578 2005 nec
591 1968 679 2016 Concilio,
688 1976 722 2007 nee
729 1968 802 1990 narrare.

102 2029 186 2065 Pontifici
195 2030 278 2066 Romano
290 2029 336 2066 satis
347 2030 457 2067 conveniunt
463 2046 468 2076 3
481 2034 500 2067 11
513 2042 542 2067 111
555 2030 612 2068 aliter
620 2031 695 2067 omnino
703 2044 722 2068 se

101 2088 162 2126 babet.
188 2089 206 2126 A
212 2089 285 2127 nemine
294 2089 343 2126 enim
351 2090 410 2138 magis
417 2090 501 2127 dissentit
510 2103 564 2140 quain
572 2091 594 2128 ab
602 2091 721 2141 Hieronymo.

102 2149 167 2187 Libros
182 2162 246 2187 omnes
254 2150 327 2187 Veteris
341 2151 457 2196 Testamenti,
472 2152 554 2200 quinon
568 2152 588 2187 in
603 2152 723 2188 Hebraeorum

102 2211 177 2248 Canone
189 2210 309 2257 habebantur,
323 2211 346 2248 ad
358 2211 469 2260 Apaerypha
479 2212 558 2249 rotunde
571 2212 658 2260 relegarit
668 2212 723 2250 Hier-

102 2275 189 2320 onymus:
203 2270 275 2309 eosdem
284 2270 303 2309 in
313 2272 391 2309 Decreta
402 2272 469 2321 pariter
482 2285 525 2309 cum
533 2273 629 2311 Canonicis
638 2275 723 2311 “Sancta

102 2336 121 2369 et
138 2332 232 2370 Catholica
252 2332 326 2381 suscipit
343 2337 361 2370 11
378 2334 455 2370 honorat
472 2334 572 2372 Ecclesia.”
598 2335 721 2383 Hieronymus

101 2394 157 2431 libres
171 2406 215 2442 quos
228 2394 346 2442 Apoerypbos
359 2399 417 2439 vocat,
431 2396 467 2442 legi
481 2396 501 2432 in
514 2396 595 2433 Ecclesia
605 2396 649 2439 vult,
663 2395 721 2442 Epist.

103 2449 152 2491 115.t
176 2457 188 2474 “
196 2454 247 2492 Sicut
257 2455 322 2492 Jndith
331 2459 349 2492 et
357 2456 423 2502 Tobiae,
433 2461 452 2493 et
460 2456 606 2494 Maeliabaeorum
613 2455 669 2493 libros
677 2455 723 2504 legit

103 2516 176 2564 qaudam
192 2516 279 2563 Ecclesia,
295 2516 327 2553 sed
343 2529 373 2554 eas
388 2517 437 2554 inter
452 2517 552 2554 Canonicas
568 2516 670 2564 Scripturas
684 2529 723 2553 non

102 2576 177 2624 recipit:
192 2576 217 2613 sic
228 2580 246 2614 et
254 2577 294 2614 liaeo
300 2577 336 2614 duo
342 2577 435 2614 volumina
441 2576 553 2627 (Hardpercr
559 2577 603 2626 Jesu
610 2576 644 2613 fflii
653 2578 721 2625 Siracb,

103 2640 121 2673 et
131 2637 243 2685 Sapientiam
253 2638 360 2685 Salomonis)
370 2638 419 2685 legat
432 2637 455 2673 ad
467 2637 605 2675 aedificationem
613 2638 676 2686 plebis,
685 2652 723 2677 non

301 2712 306 2737 t
315 2711 355 2740 Pnel
362 2711 378 2739 in
384 2710 435 2740 Libros
441 2709 524 2740 Salomonis.
