1679 2935
230 186 254 211 aa
267 182 405 210 anancrrormus
417 184 525 212 arannrran.
644 180 688 215 '201

72 284 101 320 stc
110 282 158 318 euim
170 280 255 326 disputas.
281 279 362 314 Ireneens
375 277 431 324 Operi
444 290 476 313 suo
489 277 579 324 aequaevis
592 277 691 326 πρόσωπον

70 342 158 390 apaprosuit,
175 337 303 376 Praefationem
314 336 399 385 eleganti
416 336 495 385 quadam
509 337 598 373 Veterum
611 336 691 386 alicujus

71 403 161 440 sententia
170 398 269 451 alternant,
277 402 295 434 et
304 398 358 434 aliam
367 398 430 434 similis
437 398 537 435 venustatis
547 398 587 434 alibi
598 398 681 434 adhibuit
686 414 691 444 3

70 462 168 512 ignatiana
178 461 235 509 igitur
247 471 320 507 prorsus
332 459 428 507 ignoravit,
441 459 494 495 aliter
506 459 571 496 rudem
583 459 661 507 aliquam
674 464 692 496 et

70 525 163 567 incultam,
173 522 245 557 tristem
254 524 272 555 et
281 519 390 556 salebrosum
399 521 509 557 sententiam
516 521 539 556 ad
548 520 693 557 Commentarios

70 596 111 621 suos
120 580 232 619 exornandos
241 583 260 615 et
268 578 397 624 illuminandos
405 579 524 628 produxisset.
550 580 568 617 A
576 578 636 616 divino
648 591 692 628 quo-

70 644 111 679 dam
118 655 165 687 sene,
172 644 190 678 et
195 640 276 677 veritatis
282 652 435 686 praeceperamus
442 640 528 688 quosdam
534 640 624 677 Iambieos
630 639 693 676 adver-

70 717 100 740 sus
109 703 194 739 Marcum
207 701 319 738 Haereticam
330 701 396 738 effusos
404 702 472 747 laudat,
483 714 528 749 quas
536 701 566 738 hie
575 714 586 737 e
595 700 692 748 Scaligero,

70 769 124 812 atque
132 763 206 801 Petavio
215 762 252 799 suis
260 763 342 800 numeris
350 763 445 800 rest'tutos
453 766 573 811 repraesento:

161 832 242 861 Εἷδολοποιὲ
250 831 300 867 Μάρκε,
307 832 329 861 rat
335 831 431 871 repararra‘ae,

161 877 266 914 Ἀοτρολογινῆο
273 875 326 913 ἔμπειρε
333 877 355 905 nal
361 878 418 912 aurardi
425 874 480 912 τέχνης,

160 920 181 946 Δι’
188 919 206 946 ὧν
212 919 279 955 κρατύνεις
285 920 310 952 τῆς
316 920 367 953 πλάνης
373 920 391 946 ad
397 919 475 953 διδάγματα,

161 963 212 997 Σημεῖα
218 961 269 989 derlandi
276 963 304 989 τοῖς
311 961 336 990 ὑπό
343 972 368 989 που
373 961 468 997 πλανωμένοις,

161 1005 259 1038 Ἀποοποπικῆς
266 1003 332 1041 δυνάμεως
338 1004 435 1043 ἐγχειρήματπ)

159 1047 176 1076 *A
183 1048 205 1077 ael
211 1047 298 1084 χορηγεΐπὸς
305 1049 349 1084 πατὴρ
356 1050 401 1078 Σαπῑιν
407 1048 427 1076 ἀεὶ

162 1093 182 1120 A?
189 1092 263 1127 ἀγγελικῆο
270 1090 335 1126 δυνάμεως
341 1091 401 1126 Ἀζαζὴλ
407 1093 453 1125 ποιεῖν,

159 1136 205 1172 ”Epor
212 1146 228 1163 οε
234 1132 308 1171 πρόδρομον
314 1134 375 1163 ἀντιθέου
381 1134 465 1170 πανουργίας.

96 1198 178 1235 Quorum
187 1189 279 1248 restitutio
287 1197 352 1234 Veteri
360 1197 449 1233 Versione
458 1197 536 1233 manime
545 1196 668 1240 confirmatur,

148 1270 157 1283 “
162 1268 235 1295 ldolorum
241 1267 318 1295 fabricator
324 1268 376 1301 Marce,
383 1269 397 1294 el
403 1268 502 1302 portentorum
509 1267 585 1302 inspector,

162 1310 249 1346 Astralogiae
256 1311 325 1346 cognitor,
332 1312 347 1337 et
353 1310 414 1345 magicae
420 1309 459 1343 artis,

163 1353 190 1381 Per
197 1362 231 1391 quas
238 1353 313 1381 confirmas
319 1353 371 1382 erroris
377 1353 453 1388 doctrinas,

165 1397 209 1432 Signa
215 1397 291 1425 ostendens
296 1398 319 1424 his
326 1398 351 1433 qui
357 1406 366 1425 a
372 1400 386 1425 te
393 1397 483 1430 seducuntur,

165 1439 252 1476 apostaticae
258 1439 317 1467 virtutis
323 1440 416 1477 operationes,

165 1483 200 1515 Qum
206 1483 234 1510 tibi
240 1484 299 1519 prestat
305 1484 338 1511 tuus
345 1485 385 1519 pater
391 1482 451 1511 Satanas

165 1526 192 1553 Per
198 1526 277 1559 angelicam
283 1525 350 1553 virtutem
357 1525 408 1553 Aaazel
414 1526 464 1558 facere,
512 1542 514 1544 ·

165 1566 223 1595 Habeas
230 1569 244 1594 te
250 1575 351 1602 praecursorem
357 1567 432 1594 contrariae
438 1566 505 1594 adversus
511 1567 558 1594 Deum
564 1567 645 1603 nequitiasl*

97 1630 207 1667 Posteriores
215 1630 299 1667 Petavius
307 1629 382 1666 metrice
390 1629 468 1666 reddens
476 1630 524 1666 male
533 1630 625 1677 expressit.

151 1702 160 1716 “
165 1700 201 1729 llaec
207 1702 223 1728 tu
229 1700 255 1728 illa
261 1698 317 1728 Satanae
323 1700 367 1728 fretus
373 1700 427 1728 auxilia
433 1699 482 1736 patris,

165 1743 256 1779 Azaaelisqne
262 1743 299 1771 mira
306 1742 370 1779 designas
377 1751 407 1779 ope,

165 1786 245 1815 Praeeursor
251 1786 274 1814 illi
280 1785 333 1815 fraudis
340 1786 355 1814 in
363 1785 423 1823 Superas
429 1785 483 1815 uatus¹’

74 1845 119 1879 Haeo
133 1845 182 1879 enim
195 1845 280 1880 Marcum
295 1846 371 1889 Satanae,
386 1849 417 1880 aut
431 1840 512 1880 Azanelis
525 1857 654 1892 praecursorem
666 1845 694 1880 fa-

74 1904 136 1947 ciunt3
158 1917 200 1941 cum
217 1904 288 1941 divinus
309 1904 340 1941 ille
357 1906 416 1941 Senex
433 1917 474 1941 eum
493 1904 593 1941 describere
610 1905 694 1950 valuerit,

73 1964 160 2012 tanquam
174 1965 283 2003 Antichristi
294 1978 427 2014 praecursorem,
440 1965 489 2014 quod
502 1966 532 2003 lrie
545 1965 636 2014 signifieat
647 1963 695 2003 ἀντί-

75 2024 113 2064 θεος
127 2025 232 2077 πανουργία.
259 2027 301 2063 dam
314 2040 356 2064 vero
370 2040 392 2064 ex
405 2027 507 2075 Ignatianis
521 2040 544 2063 an
557 2027 625 2075 aliquid
637 2026 695 2063 simile

73 2088 134 2133 petere
148 2087 207 2136 potuit
221 2087 307 2134 irenaeus
323 2088 339 2126 si
353 2088 482 2125 cenavisset?
501 2092 532 2125 aut
547 2087 642 2136 quisquam
657 2099 695 2124 non

74 2147 144 2182 novisse
159 2149 261 2193 affirmabit,
278 2149 320 2196 quia
333 2150 364 2197 qui
377 2149 474 2185 versiculos
488 2149 561 2184 aliunde
575 2149 595 2183 in
610 2149 695 2184 Marcum

74 2209 223 2254 contorsitnilril
235 2209 262 2246 illi
275 2222 296 2247 ex
309 2210 382 2258 lgriatio
395 2209 485 2257 aspersit?
511 2209 611 2262 Oujusdam
624 2213 667 2246 ante
676 2221 695 2246 se
717 2254 720 2258 Δ

74 2267 96 2304 de
106 2269 173 2317 duplici
181 2271 263 2309 vocabuli
271 2271 315 2307 Filii
328 2271 431 2319 acceptione
444 2271 588 2309 observationem
602 2270 624 2306 ad
637 2269 694 2306 inter-

11 2324 17 2377 }
73 2330 194 2376 pretationem
205 2333 223 2369 S.
231 2331 329 2380 Scripturee
336 2332 464 2380 pertinentem,
478 2331 508 2368 lib.
516 2331 539 2367 iv.
553 2343 591 2378 cap.
599 2331 611 2367 '7
612 2332 623 2367 9
635 2329 693 2366 affert.

73 2389 119 2426 Vult
131 2393 254 2443 enimimpios
263 2396 281 2429 et
289 2392 370 2429 infideles
379 2392 399 2429 in
408 2391 462 2428 sacris
473 2391 530 2428 literis
540 2390 589 2438 filios
598 2393 615 2426 at
624 2391 694 2438 alapatus

73 2449 145 2486 Diaboli
154 2453 189 2490 diei
194 2468 199 2497 3
212 2454 301 2491 Veterum
310 2456 371 2490 autem
380 2453 455 2500 alicujus
463 2451 588 2488 testimonium
598 2450 656 2496 affert,
663 2452 694 2499 qui

70 2507 129 2553 filiam
141 2513 237 2561 dupliciter
249 2513 326 2561 intelligi
339 2513 388 2559 dinit,
398 2516 430 2548 ant
439 2511 461 2548 de
469 2515 518 2557 nato,
528 2515 560 2548 ant
569 2510 591 2547 de
599 2511 653 2556 facto,
663 2515 695 2547 aut

74 2571 173 2609 seeundum
186 2579 271 2613 naturam
283 2579 301 2613 et
313 2575 441 2621 conditionem,
451 2577 482 2611 aut
495 2573 594 2612 secundnm
608 2573 694 2611 doctrinae

74 2626 248 2681 magisterianus
262 2638 307 2674 antara
320 2636 390 2675 aneas
403 2639 429 2673 ast
441 2635 498 2682 verba,
510 2636 560 2684 filias
573 2635 650 2672 floreatis
659 2647 695 2672 esse
