1747 2957
181 192 218 228 286
369 188 497 232 innormarunt
508 202 615 231 unenrnmrr
646 226 648 228 ,

182 310 225 335 nem
238 297 332 347 praeheret.
358 297 441 350 indeque
453 302 516 335 natum
529 310 598 335 rnorem
613 297 665 334 illum
677 298 805 335 Alexandrinis

184 363 232 396 certe
245 359 355 407 peculiarem
367 371 400 407 par
414 362 441 395 est
454 359 531 403 credere,
541 369 595 405 quem
608 362 697 395 memorat
709 358 805 396 Liberatus

184 420 204 457 in
214 419 323 458 Brennum.
350 422 362 441 “
371 418 487 457 Consuetudo
501 417 574 467 quidem
585 422 613 455 est
626 418 741 457 Alexandriae
752 420 805 457 illum

185 481 217 530 qui
227 481 314 519 detineto
327 481 407 518 succedit
418 481 500 518 excubias
513 492 567 528 snper
576 480 657 517 defuncti
669 494 733 529 corpus
746 494 805 529 agere,

129 564 132 571 ·
184 553 296 590 inanemque
310 541 402 578 dexteram
417 541 456 589 ejus
470 540 524 589 cupiti
540 552 572 577 suc
586 540 685 589 imponere,
700 544 719 578 et
736 541 806 590 sepulto

185 601 270 638 manibus
283 602 320 638 suis
335 602 415 649 accipere
424 602 470 637 eollo
485 614 518 637 suo
532 602 554 638 B.
564 601 624 638 Marci
636 602 717 649 pallium,
731 606 749 638 et
762 606 807 638 tunc

185 661 267 708 legitime
275 661 356 697 sedere.”
382 662 427 697 Erat
435 662 492 708 igitur
500 661 615 698 Alexandriae
623 675 689 710 magna
694 661 715 698 in
723 661 807 711 eligendo

185 720 280 768 Episcopo,
297 720 346 769 pacis
363 721 426 769 gratia,
444 721 541 769 festinatio,
559 726 578 760 et
592 722 670 769 insolita,
687 736 724 773 pree
738 723 807 761 honore

187 783 205 818 S,
214 781 280 826 Marci,
294 782 315 818 in
328 782 406 819 creando
419 783 531 820 caeremonia
559 784 595 820 Sed
611 785 735 834 Hieronymus
748 799 808 833 neque

185 842 260 878 modion
272 842 292 878 in
300 843 393 887 electione,
403 842 452 889 quod
465 842 488 878 ad
500 843 587 890 suffragia
599 844 671 890 attinet,
684 857 807 893 1011001010-

185 899 288 939 monias'in
300 902 390 939 creatione
403 902 498 949 adhibitas,
512 915 572 951 neque
583 903 613 952 jus
622 904 680 941 ullum
693 907 808 954 praecaeteris

185 963 296 1013 presbyterio
305 963 368 1000 datum
380 966 412 1000 aut
420 976 527 1000 eoncessum
535 970 671 1010 commemorat,
684 966 720 1003 nisi
729 967 779 1015 quod
787 980 809 1003 ex

184 1024 229 1073 ipsis
238 1024 260 1062 de
269 1025 383 1073 lacteusque
395 1024 418 1062 ad
431 1025 530 1062 Heraclam
537 1026 637 1074 Episcopus
647 1027 749 1076 eligeretur,
759 1033 777 1064 et
786 1029 808 1065 ab

184 1085 228 1133 ipsis
236 1086 387 1134 promulgaretur.

209 1146 260 1181 Nam
274 1145 322 1193 quod
336 1145 423 1181 Seldenus
436 1145 579 1182 comminiscitur
593 1146 728 1195 Hieronymum
742 1150 808 1184 “secu-

185 1218 227 1242 rum
236 1205 258 1242 de
266 1209 348 1255 tempore
357 1205 457 1243 Heraclanr
467 1207 610 1252 antevertente,”
625 1207 712 1255 quoniam
725 1208 809 1256 cognorit

186 1266 259 1303 nullum
269 1267 290 1303 in
299 1267 379 1315 rEgypto
389 1266 431 1302 ante
439 1271 522 1315 tempora
530 1267 621 1304 Demetrii
628 1268 739 1317 Episcopum
746 1268 809 1313 fuisse,

188 1330 200 1347 “
209 1328 232 1364 ad
244 1327 327 1365 citeriora
340 1327 448 1365 descendere
460 1328 539 1365 noluisse
547 1332 639 1377 tempora:
653 1329 696 1378 quia
707 1329 737 1367 rix
748 1330 810 1367 forsan

188 1388 237 1426 credi
249 1389 337 1437 potuisset
347 1389 485 1425 Ordinationem
497 1389 646 1434 Patriarehalem,
659 1393 755 1437 postquam
766 1390 810 1437 Epi-

188 1449 243 1497 scopi,
261 1449 326 1485 saltem
344 1448 457 1493 Heracleam,
473 1450 501 1485 tot
517 1460 593 1485 numero
607 1447 689 1485 instituti
706 1453 754 1495 sunt,
772 1450 811 1486 sine

188 1508 281 1557 Episcopis
291 1508 359 1545 factam
368 1507 425 1553 esse,''
439 1509 542 1556 conjectma
554 1509 607 1555 plane
616 1511 643 1544 est
652 1508 702 1545 omni
709 1509 810 1546 uerisimili-

187 1569 252 1606 tudine
261 1569 355 1606 destituta.
377 1570 432 1615 Nam,
442 1568 513 1606 etiamsi
521 1569 655 1606 ordinationem
663 1569 810 1616 Patriarchalem,

188 1643 230 1667 cum
238 1630 259 1666 in
267 1630 348 1680 AEgypto
356 1630 417 1679 plures
425 1630 511 1678 Episcopi
519 1633 585 1676 essent,
594 1629 633 1666 sine
642 1630 736 1679 Episcopis
744 1631 811 1668 factam

160 1734 166 1739 ,
188 1705 228 1728 esse
236 1691 298 1738 credet
309 1704 369 1736 nemo,
384 1692 423 1738 quis
437 1695 500 1727 tamen
514 1691 607 1738 praestabit
620 1692 734 1740 Hieronymo
746 1695 811 1728 notum

188 1752 243 1788 fuisse
260 1755 303 1788 ante
320 1752 410 1789 Demetrii
425 1755 508 1799 tempora
524 1751 596 1787 nullum
612 1751 633 1787 in
649 1751 730 1800 AEgppto
746 1756 811 1801 praeter

188 1813 264 1851 nnieinn
272 1812 418 1850 Alexandrinmn
427 1812 516 1850 exstitisse
524 1812 649 1860 Episcopum?
662 1813 764 1862 Eutychius
773 1827 812 1850 oin-

188 1875 241 1911 nium
248 1874 318 1923 primus
326 1874 360 1910 hoc
364 1873 464 1923 prodidisse
469 1873 615 1922 deprehenditur,
625 1886 636 1909 a
645 1886 680 1921 quo
687 1874 811 1923 Hieronymus

188 1935 238 1972 idem
249 1935 317 1971 discere
331 1947 369 1971 non
381 1934 447 1983 11011111,
472 1934 514 1971 Imo
523 1934 562 1982 quis
576 1934 633 1970 credit
642 1933 782 1982 Hieronymum,
796 1936 812 1972 si

189 1996 224 2032 11οο
232 1996 317 2040 novisset,
326 1995 355 2032 vel
366 1995 382 2031 si
392 1994 448 2032 i'andc
457 1993 554 2043 aliquando
563 1994 664 2040 indixisset,
675 1995 694 2031 id
703 1994 725 2031 ab
734 1996 812 2045 Evagrio

191 2054 248 2092 celare
256 2055 333 2091 voluisse
341 2054 362 2089 iu
369 2054 405 2090 1100
412 2058 525 2102 argumento,
536 2055 584 2102 quod
591 2054 649 2103 magis
659 2056 681 2091 ad
690 2057 812 2094 exornandam

191 2114 297 2164 presbyterii
306 2114 414 2162 dignitatem
427 2114 485 2151 multo
493 2114 577 2165 iecisset?
603 2115 669 2163 Neque
680 2116 737 2164 igitur
746 2118 812 2155 Hiero-

191 2187 257 2223 npmrus
267 2174 289 2210 de
301 2174 327 2209 rei
337 2174 378 2222 jure
387 2174 483 2222 quiequam
495 2174 572 2221 scripsit,
583 2186 643 2221 neque
652 2175 674 2210 de
684 2176 732 2213 facto
740 2181 812 2226 tempus

190 2238 229 2271 tam
238 2233 342 2282 scrupulose
354 2232 445 2279 limitan't,
457 2233 489 2269 sed
496 2233 625 2270 tantummodo
633 2238 712 2271 ueterem
722 2236 812 2283 quandam

190 2295 313 2339 traditionem,
332 2307 385 2342 11111111
403 2307 414 2329 1
430 2294 490 2329 nescio
508 2306 543 2341 quo
561 2298 659 2342 acceperat,
677 2296 721 2331 satis
738 2296 812 2334 obscure

190 2357 289 2407 descripsit,
299 2360 318 2393 et
327 2356 349 2393 111
357 2355 490 2393 retundendam
497 2355 620 2400 Diaconorurn
627 2357 739 2405 quorundam
745 2359 812 2396 Roma-

190 2432 219 2456 111
225 2417 311 2456 Ecclesiae
319 2415 435 2454 insolentiam
444 2416 543 2465 usurpauit.

215 2480 281 2527 Neque
291 2478 349 2525 magis
360 2477 480 2526 Eutychiana
492 2477 593 2514 narrationi
605 2477 684 2514 alterum
692 2477 813 2516 distinctionis

190 2540 293 2577 membrum
304 2538 401 2586 respondet
406 2553 411 2582 3
420 2537 526 2585 'Eutychins
535 2538 585 2573 enirn
596 2538 665 2574 nonde
675 2538 717 2586 jure
726 2538 812 2587 disputat,

191 2600 223 2638 sed
231 2600 253 2636 de
261 2599 314 2645 iacto,
324 2598 346 2635 de
356 2609 407 2636 more
415 2597 488 2643 scilieet,
498 2601 552 2646 atque
562 2597 657 2635 duratione
665 2603 684 2635 et
692 2600 813 2648 exspiratione

288 2673 295 2693 ¹¹
305 2673 338 2712 Gap.
345 2673 368 2702 20.
386 2672 438 2703 Exstat
444 2672 461 2703 in
467 2672 537 2703 3111110111.
544 2672 617 2704 Gallandii
623 2673 648 2703 xit,
658 2682 672 2712 p.
679 2675 710 2704 155,
