1747 2957
179 204 217 243 254·
332 211 491 244 rsnuoossmoursn
503 213 551 242 nris
562 208 649 242 roenna

86 310 149 356 Mmimi
204 308 297 345 Maximus
306 308 362 346 etiam
369 310 438 346 indicat
449 309 509 357 plures
522 311 565 345 oute
574 320 592 344 sc
600 307 620 342 in
629 304 738 355 Dionysium
747 305 801 343 eom-

86 348 172 417 ,Seiiffitffi
179 370 278 414 meritorios
291 371 387 420 scripsisse,
401 383 422 408 ae
432 370 485 409 variis
497 366 677 417 interpretationibus
689 367 789 405 illustrasse
795 383 800 412 τ

86 426 132 455 mum.
179 433 201 467 ut
216 430 239 468 ad
254 431 313 481 Caput
327 431 444 477 undecimum
456 431 498 468 libri
510 430 533 467 dc
541 429 612 467 Divinis
620 428 730 475 nominibus,
739 426 802 474 Ὅλην

180 489 256 537 ἑνότητα
264 492 282 529 oi
288 492 322 539 μὲν
330 492 400 538 ἔλαβον
407 491 440 539 τὴν
448 491 510 539 ἁπλῆν
518 490 548 527 καὶ
556 490 613 540 ἀμερῆ
621 492 657 527 τῶν
666 490 724 526 ὄντων
735 489 801 534 αἰτίαν,

180 551 226 602 πρὸς
234 551 256 601 ἣν
265 550 289 590 τὰ
297 551 358 591 πάντα
371 551 500 604 ἀπέστραπται
512 550 535 591 οἷς
547 551 567 589 ἐν
578 548 624 600 αὐτῇ
636 548 768 597 συνιστάμενα
786 549 803 588 οἱ

180 611 204 655 δὲ,
219 612 253 659 τήν
267 615 299 651 τοῦ
313 612 380 654 παντὸς
397 613 484 664 ἁρμονίαν
500 613 521 661 ἐξ
537 612 638 664 ἑτεροῲυῶν
654 613 689 649 τῶν
706 609 803 662 στοιχείων

181 672 334 724 συγκεκραμένην.
351 675 389 711 Per
397 675 458 711 Totam
466 675 554 712 Uoitctem
562 675 595 711 olii
603 674 672 723 puidam
679 673 803 710 iutelleacmmt

180 734 275 780 simplicem
289 738 306 770 et
317 734 428 770 individuam
440 747 500 771 rerum
510 747 586 781 cuasam,
596 737 621 771 od
630 735 750 782 praetoricia
763 746 803 770 coo-

179 806 232 830 aerso
241 797 288 840 suot,
300 797 360 841 utpote
373 794 392 831 to
403 795 443 842 ίροα
454 795 568 832 remittentis
574 809 581 831 .·
594 795 627 832 (dii
639 807 680 832 cero
694 795 803 832 actionario

180 855 257 892 αανοονοί
265 867 288 892 αα
299 856 388 899 olenticetis
396 856 469 893 diuerso
477 858 545 893 ααίανα
554 857 671 892 contraditam.
697 856 722 902 Et
732 855 752 892 in
760 855 804 905 ipsis

180 916 258 953 Maximi
276 917 415 961 Commentariis
432 917 507 954 divorsae
527 929 574 966 saepe
595 917 716 965 expositiones
734 921 776 954 sunt
793 930 804 954 a

180 977 255 1021 dirersis
269 978 307 1015 sine
320 977 376 1015 dubio
388 977 494 1015 Sclroliastis
505 977 585 1027 primunr
595 977 692 1026 profectae:
708 977 757 1014 inter
770 977 804 1014 hos

181 1041 242 1076 autem
247 1039 304 1076 varios
314 1038 422 1076 Scholiastas
427 1039 577 1088 unumproecipue
582 1038 656 1075 lionoris
663 1051 717 1075 causa
721 1038 804 1076 nominat

181 1098 220 1135 sine
229 1099 351 1142 controversia
362 1099 461 1145 vetustum,
471 1099 494 1136 ad
502 1103 556 1147 caput
568 1098 654 1147 quintum
662 1099 739 1135 coelestis
748 1100 804 1136 Hier-

181 1159 252 1206 orcliiae,
261 1158 284 1197 Ὁ
293 1161 338 1208 «γοῦν
343 1160 400 1209 μέγας
411 1160 511 1205 Διονύσιος,
520 1159 530 1197 ὁ
538 1158 677 1210 Ἀλεξανδρείας
685 1157 803 1205 Ἐπίσκοπος,

182 1218 235 1258 driu&
243 1219 326 1273 ῥητόρων,
336 1221 355 1259 ἐν
363 1223 400 1261 τοῖς
409 1220 493 1272 σχολίοις
502 1220 528 1261 οῖς
536 1219 635 1266 πεποίηκεν
644 1219 668 1260 eis
676 1219 707 1258 τὸν
715 1219 805 1271 μακάριον

183 1281 280 1320 Διονύσιον
288 1282 319 1320 τὸν
331 1281 437 1330 συνώνυμον,
447 1281 492 1320 odra
500 1282 556 1330 λέγει.
582 1283 660 1331 Mcpoas
672 1283 728 1331 ipitor
736 1283 804 1331 Diony-

183 1343 226 1387 sias,
237 1342 469 1390 Aleaaadaaonpmopm,
483 1356 493 1380 e
505 1343 609 1388 rhetoribus,
621 1345 641 1379 io
655 1344 731 1380 Selinitis
740 1355 777 1391 pue
785 1345 805 1381 in

182 1404 258 1441 Beatam
271 1405 376 1451 Damam
390 1405 424 1440 ribi
439 1404 556 1452 copoomioem
562 1402 614 1452 fecii,
626 1404 653 1441 itu
664 1404 712 1441 dicii.
738 1405 765 1442 Et'
772 1405 804 1441 Jo-

183 1476 239 1509 armes
249 1464 381 1513 Cyparissiotus
390 1464 463 1501 Decede
471 1464 483 1501 i.
491 1477 529 1512 cap.
540 1465 556 1501 l.
566 1476 607 1513 cum
617 1464 727 1502 sententiam
735 1464 804 1514 Diony-¹

183 1522 253 1561 sinnam
262 1536 284 1568 er
291 1525 374 1573 Epistola
382 1525 405 1561 ad
414 1525 476 1562 Titum
484 1525 594 1570 adduxisset,
603 1525 659 1571 addit,
669 1528 681 1557 ἴ(
687 1525 728 1562 Ηοο
735 1526 804 1562 dictum

91 1590 126 1634 ouis
132 1588 175 1634 tuerit
183 1586 202 1622 S.
207 1585 306 1632 Maximus,
313 1589 331 1623 et
337 1585 436 1635 Dionysius
441 1585 576 1633 Alexandrinus
583 1585 712 1622 anuotarunt.’'.
730 1586 755 1622 Et
762 1598 804 1623 cnm

90 1628 175 1695 ssffilffl
182 1646 236 1683 aliam
245 1647 354 1684 sententiam
361 1659 383 1684 ex
391 1646 455 1684 eadem
459 1647 542 1695 Epistola
548 1646 621 1683 Decede
627 1647 647 1683 ii.
654 1659 693 1695 cap.
699 1648 717 1683 2.
725 1647 804 1692 citasset,

90 1704 162 1748 ssssflfifflsss
182 1710 194 1740 f‘
199 1707 252 1744 Alter
260 1708 320 1754 verost
329 1708 395 1756 inquit,
406 1707 521 1756 “Dionysius
531 1707 571 1753 haec
581 1707 682 1744 edisserens
694 1708 724 1753 ait,
734 1708 805 1756 eosqui

90 1750 164 1809 pppistne
182 1771 264 1817 apertam
272 1769 389 1819 Theologiom
399 1773 417 1806 et
426 1769 470 1807 uelis
482 1768 551 1806 nudam
562 1765 663 1814 audieruut,
673 1772 726 1818 typos
736 1769 805 1817 cogita

90 1818 168 1846 linimus.
181 1829 233 1866 tione
244 1842 277 1866 sua
289 1829 366 1873 formare
375 1830 407 1878 qui
415 1830 438 1866 ad
446 1830 586 1877 intelligentiam
597 1830 689 1866 auditores
699 1831 803 1878 adjuvans*

183 1889 238 1927 Unde
251 1889 295 1927 satis
307 1894 377 1927 eertum
389 1893 417 1927 est
431 1889 541 1939 Dionysium
554 1889 699 1927 Alexandrinum
712 1889 733 1926 iu
747 1890 804 1927 Areo-

181 1951 262 1999 pagitam
275 1951 348 1997 Scholia
360 1951 456 2000 scripsisse,
465 1964 503 1988 non
511 1951 531 1991 in
540 1950 677 1987 Corinthiorum
688 1951 804 2000 Episcopum,

183 2013 275 2059 quodiam
283 2012 355 2050 inficete
366 2015 480 2058 commentus
492 2009 519 2049 est
531 2011 639 2049 Halloixius.
666 2011 723 2055 Hnuc
731 2012 804 2061 quidem

183 2070 299 2119 Dionysium,
310 2084 363 2119 quem
370 2071 390 2108 ἐκ
400 2071 479 2122 ῥητόρων
489 2071 576 2120 indigitat
584 2072 684 2117 Maximus,
693 2072 741 2117 haud
751 2073 804 2110 credo

182 2131 240 2168 fuisse
246 2131 390 2168 Alexandrinum
397 2132 514 2183 Episcopum,
527 2132 570 2180 quia
581 2132 602 2168 in
613 2131 662 2169 illius
675 2131 721 2169 sedis
730 2132 804 2182 Episco

182 2205 248 2244 porum
256 2191 341 2230 Iudiculo
349 2192 443 2229 neminem
451 2195 494 2229 ante
500 2192 604 2230 Maximum
612 2192 681 2241 reperio
687 2192 722 2231 isto
731 2195 804 2233 nomine

182 2254 297 2304 insignitum,
308 2257 374 2303 praeter
381 2266 440 2291 unum
448 2253 500 2290 illum
510 2253 560 2290 tertii
572 2254 638 2301 soeculi,
649 2267 703 2303 quem
714 2255 805 2304 optimum

145 2365 147 2367 Ι
183 2314 805 2366 Oratoremquidemiuisseagnosco,sedinAreopagitica,qnoetunc

182 2378 269 2427 temporis
278 2381 348 2414 exstare
356 2389 395 2413 non
404 2379 509 2425 potuerunt,
520 2376 592 2414 Scholia
603 2378 692 2427 scripsisse
702 2391 740 2415 uon
752 2382 803 2426 puto.

182 2439 223 2476 Nec
233 2442 296 2475 tamen
307 2438 373 2475 Dallaei
386 2437 440 2473 solita
451 2437 525 2480 libertas
537 2438 567 2473 hic
579 2438 643 2485 placet,
657 2438 688 2485 qui
701 2438 804 2475 Maximum

183 2499 294 2537 “volentem
308 2498 419 2548 deoeptum¹³
433 2510 472 2535 esse
483 2496 532 2543 dicit,
551 2500 617 2536 “caeco
630 2498 687 2536 anim
703 2498 732 2536 sni
745 2499 805 2537 studio
856 2518 857 2522 =

183 2562 313 2610 obsequentem
319 2562 337 2608 ;''
355 2561 387 2611 qui
405 2560 538 2598 “versutiam”
552 2561 590 2609 ejus
603 2564 661 2607 notat,
676 2559 707 2610 qui
724 2563 804 2598 “uetus-
866 2560 868 2567 '

182 2623 251 2660 tiorum
259 2627 340 2660 mentem
348 2624 466 2672 perverterc”
475 2634 518 2659 eum
526 2621 589 2659 asserit
594 2637 599 2668 3
612 2622 644 2671 qui
652 2624 664 2642 “
670 2634 705 2671 qno
713 2622 804 2659 somnium

183 2697 237 2721 suurn
251 2684 290 2720 aliis
303 2684 424 2732 persuaderet,
437 2697 475 2721 non
488 2683 593 2733 simpliciter
606 2683 715 2732 Dionysium
725 2683 804 2720 Alexan.
