1625 2781
371 201 395 228 an
410 201 510 228 sacrosan.
720 193 753 229 xiii

155 292 199 328 Meo
212 290 284 327 monitu
297 302 334 327 non
347 290 417 338 indiget
430 288 512 327 eruditus
521 290 592 336 Lector,
601 294 623 327 ut
635 290 694 328 uideat
707 305 752 329 onus

131 352 225 401 probandi,
232 351 280 401 quod
286 351 342 398 aiunt,
351 350 392 401 Syri
397 350 523 388 Deourtatoris
529 350 688 399 adstipulatoribus
694 357 754 389 totum

130 414 241 450 incumbere.
267 415 307 450 Nos
322 414 395 461 Septem
408 412 499 460 Epistolos
511 413 624 460 proferimus,
635 425 678 460 ques
691 426 754 448 omnes

131 471 195 511 Patres
200 473 325 512 Vetustissimi
331 472 441 510 testimoniis
450 472 487 509 suis
496 475 515 509 et
521 472 637 509 citationibus
644 473 754 520 apertissime

132 539 239 582 agnoscunt.
265 534 296 571 Illi
308 547 342 570 nos
350 534 399 570 intra
407 533 475 570 limites
484 532 552 570 'llriuni'
559 533 682 581 Epistolarum
695 546 754 571 coarc-

131 600 177 642 tant,
187 608 263 645 quarum
272 595 332 632 textui
343 595 418 632 Petrum
431 594 537 631 testimonia
548 606 586 631 non
599 594 672 631 omnino
681 607 754 644 respon·
771 620 772 623 =

131 657 181 702 (lent,
190 669 268 705 querum
280 668 357 693 numero
369 656 446 692 Petrum
458 654 556 692 auctoritas
565 655 639 692 omnino
647 655 754 704 refragatur.

85 757 88 761 ,
131 717 173 766 lpse
187 716 235 754 enim
243 716 327 766 inprimis
338 717 355 755 S.
364 716 480 765 Polyearpus,
489 718 510 752 ut
521 715 567 752 bene
581 716 666 753 admonet
675 716 755 763 Denain-

131 791 190 826 gelus,
201 779 223 815 tle
234 778 321 826 pluribus,
331 790 369 814 non
378 777 400 814 de
408 777 473 823 trihus,
482 777 569 825 Epistolis
577 778 658 825 loquitur
664 782 675 814 ⁵.
702 778 755 814 Miri-

131 841 165 877 fice
175 841 248 878 'laborat
257 841 291 877 Vir
300 840 421 885 Reverenclus,
435 843 456 876 ut
469 839 559 876 Dullaeunr
572 852 583 875 a
595 840 686 876 Peorsono
700 840 755 877 semel

131 906 242 949 prostratum
255 902 312 950 erigat
324 905 343 938 et
355 901 434 938 reficiat:
447 902 474 937 ita
482 903 544 937 tamen
556 904 578 937 ut
591 904 699 949 argumenta
709 902 753 950 ejus,

132 975 171 1010 qme
186 964 252 1011 Syrum
266 975 319 999 suurn
328 962 402 1007 feriunt,
412 975 453 998 eum
462 962 553 998 Pearsono
565 961 633 1009 pariter
642 966 753 1007 contemnat,

132 1026 205 1060 eaeteros
212 1023 283 1060 contusi
290 1022 353 1059 Critici
361 1023 445 1059 articulos
452 1022 538 1058 inlocum
545 1034 635 1069 quemque
642 1035 695 1059 sunm
701 1023 755 1060 resti-

131 1087 183 1120 tuere
200 1086 281 1129 conetur,
296 1085 315 1118 et
330 1082 406 1119 sanitate
419 1081 487 1118 iterum
500 1081 572 1118 donare.
598 1081 624 1118 At
638 1082 718 1130 profecto
732 1082 754 1119 (16

132 1144 201 1180 Dallaeo
215 1143 264 1179 itlem
273 1142 345 1179 eredere
353 1142 380 1178 fas
389 1146 422 1187 est,
432 1141 480 1189 quod
489 1141 532 1177 olim
539 1137 577 1177 cel.
588 1141 600 1176 J
601 1141 705 1187 ohnsonum
713 1154 754 1178 nos-

132 1208 181 1241 trrnn
189 1202 303 1251 respondisse
312 1206 419 1248 memorant,
430 1201 518 1251 querenti,
528 1200 576 1250 quod
585 1200 607 1238 (16
615 1201 662 1239 libro
671 1203 755 1251 quodam,

132 1265 202 1312 paginis
210 1264 292 1300 nondum
299 1264 372 1300 cultello
379 1264 450 1311 apertis,
458 1263 548 1312 judicium
555 1263 638 1300 dederat:
649 1264 756 1311 “Equidem

132 1338 170 1362 non
182 1329 289 1374 putaveram
302 1327 394 1361 auctorem
407 1337 417 1361 a
430 1329 481 1373 tergo
495 1325 565 1373 paginae
575 1325 644 1362 'melius
657 1326 755 1374 quidquam

133 1399 187 1434 quain
203 1386 223 1422 in
239 1386 300 1423 fronte
317 1386 426 1434 scripsisse.”
454 1385 490 1424 (aui
506 1385 527 1421 in
539 1388 596 1434 parte,
613 1399 667 1434 quarn
682 1387 762 1436 Syriaca>

132 1448 198 1484 Versio
208 1447 286 1493 exhibet,
296 1447 340 1483 adeo
347 1459 411 1495 perum
420 1458 505 1496 prospere
511 1450 592 1483 versatus
599 1451 631 1493 est,
641 1459 674 1483 eur
682 1436 766 1487 meliore,

134 1509 192 1556 Genio
197 1513 258 1544 tutum
267 1509 290 1545 ad
296 1509 360 1545 Graece
366 1508 460 1545 accessisse
466 1507 587 1544 arbitremur?
615 1509 676 1556 Hujus
685 1509 755 1557 generis

132 1569 211 1606 recidiva
226 1573 338 1616 argumenta,
353 1580 391 1605 non
408 1569 475 1613 omnia,
493 1568 524 1604 scel
540 1567 593 1617 plura
610 1568 687 1605 fortasse
702 1581 756 1618 quam

133 1629 218 1676 oportuit,
227 1628 246 1664 in
254 1628 322 1665 notulis
331 1629 376 1665 meis
386 1628 463 1667 subinde
471 1629 553 1665 tractavi.

156 1688 256 1725 Veniamus
270 1688 292 1739 acl
307 1700 333 1733 ea,
348 1700 388 1736 quoe
396 1687 438 1724 Viri
449 1688 551 1724 Reverendi
560 1692 602 1724 sunt
616 1689 694 1737 propria.
720 1689 757 1726 Ait

133 1761 181 1797 ergo,
190 1760 249 1797 neque
257 1749 277 1785 id
285 1749 346 1793 semel,
356 1748 439 1797 Ignatins
447 1748 485 1797 ipse
495 1749 551 1798 Syrus
559 1748 595 1784 fuit
600 1763 605 1794 ς
619 1749 688 1798 Ignatii
696 1750 755 1798 patrio

133 1822 215 1847 sermone
223 1810 282 1847 utitur
291 1811 347 1859 Syrus
356 1811 448 1858 interpres
454 1809 464 1847 l.
491 1810 538 1855 Hoc,
545 1822 594 1858 rogo,
604 1811 652 1847 unde
660 1810 687 1847 illi
694 1811 756 1860 cogni-

85 1914 87 1918 ,
132 1873 186 1907 tum?
211 1871 286 1921 Nomen
298 1871 367 1918 Ignatii
379 1874 398 1907 et
409 1871 512 1907 Pearsonus
525 1875 543 1907 et
556 1871 588 1906 alii
599 1872 660 1919 plures
671 1872 756 1909 viderunt

133 1944 171 1968 esse
189 1932 298 1978 Romanum,
313 1931 361 1968 itlem
379 1931 427 1979 quod
443 1931 518 1980 Egnatii
535 1944 608 1976 nomen,
626 1933 691 1981 saepius
708 1933 756 1983 apucl

133 1993 239 2029 Ciceronem
248 1996 267 2028 et
275 1993 365 2037 Tacitum,
375 1996 394 2029 et
406 1992 426 2028 in
440 1992 515 2029 Gruteri
527 1988 679 2039 Inscriptionibus
689 1994 757 2040 passim

133 2050 212 2088 obvium.
237 2051 303 2099 Neque
317 2055 390 2099 egomet
407 2052 436 2088 vel
451 2064 473 2088 ex
487 2051 540 2088 Actis
552 2052 643 2100 Martyrii,
656 2052 685 2090 vel
698 2053 756 2099 aliter,

133 2111 220 2160 intelligo,
231 2123 266 2160 qno
279 2111 354 2150 consilio
367 2112 456 2161 Trajanns
471 2111 494 2149 acl
503 2112 581 2150 ltornam
590 2112 692 2163 Martyrem
702 2114 757 2151 desti-

132 2173 208 2217 naverit,
222 2172 263 2218 nisi,
281 2186 338 2222 quum
355 2173 398 2211 civis
414 2174 445 2210 ille
460 2177 506 2211 esset
522 2174 621 2220 Romanus,
634 2177 655 2211 ut
670 2175 758 2224 supplicio

133 2234 218 2281 praesenti
235 2234 283 2271 cives
297 2238 380 2281 terreret,
397 2247 421 2271 ne
437 2236 497 2283 plures
511 2236 584 2273 Christo
599 2236 674 2273 nomina
686 2237 757 2274 clarent,

133 2295 159 2331 aa
167 2295 306 2339 Antiochenses,
320 2295 351 2341 ait,
369 2296 442 2345 Syriaco
455 2308 538 2333 sermone
549 2297 608 2345 patrio
616 2297 737 2345 loquebantur
743 2304 756 2334 ¹¹.

134 2355 201 2392 Itane?
227 2355 295 2392 Nonne
310 2355 409 2393 Antiochia
422 2361 464 2393 ortu
479 2361 518 2393 erat
533 2358 663 2403 Macedonum,
678 2359 758 2396 Atheni-

123 2406 125 2409 Α
134 2408 210 2461 ensium,
217 2418 235 2451 et
245 2415 321 2451 oliorum
328 2416 430 2461 Graiorum,
438 2416 521 2453 colonia?
534 2418 629 2454 nonneibi
634 2418 759 2456 Macedonum

132 2488 197 2533 regum
212 2476 276 2513 curia?
302 2476 333 2513 An
347 2477 426 2529 Syriacis
434 2478 485 2515 libris
498 2478 608 2515 bibliotheca
622 2480 757 2517 Seleucidurum

143 2623 145 2628 Ι
152 2590 156 2602 ⁵
165 2585 184 2638 'Sl
189 2586 262 2652 Polpgerp.
270 2587 315 2624 Epist
322 2596 351 2624 cap.
356 2589 378 2616 ia.
397 2587 434 2616 11611-
459 2588 487 2623 nis,
493 2597 507 2625 p.
515 2590 532 2618 54
538 2600 542 2624 5
553 2588 593 2626 Oorp.
600 2589 632 2625 lgn,
639 2582 693 2619 intrude
700 2591 758 2621 Imm

133 2631 270 2698 Ζ111111111111116116,
280 2673 314 2700 [pnes
320 2666 364 2700 vocat,
372 2665 433 2701 ignatio·
459 2629 473 2655 ei
478 2629 535 2702 iithiii
543 2666 573 2702 Igu.
581 2665 636 2695 lntrod.
643 2666 667 2694 liv.
