1747 2957
170 169 206 203 184
369 180 493 207 rusrnromuu
506 181 520 208 s.
529 180 597 207 nanum

171 268 304 317 decerpserunt.
322 271 398 309 Recolat
406 264 485 309 Dalheus
494 271 549 309 verba
557 284 590 308 sua
599 270 621 308 de
628 270 721 320 Dionysio,
729 272 741 289 “
747 270 792 307 Quae

171 327 221 375 citat,
231 342 272 367 eum
281 331 359 369 totidem
367 332 426 371 uerbis
434 333 455 370 in
463 332 545 382 Epistola
558 332 581 370 ad
593 332 685 370 Romanos
695 330 792 379 Ignatiaua

170 390 260 438 legantur,
274 392 360 430 frivolum
373 398 391 430 et
403 394 487 443 ineptum
501 398 528 430 est
541 406 563 430 ea
575 386 648 430 aliunde
657 405 711 442 quam
724 404 746 428 ex
757 392 792 426 hac

171 451 253 499 Epistola
262 453 317 491 citata
325 466 364 492 esse
372 455 476 492 hariolari.”
497 455 544 492 Cum
553 455 602 492 enim
611 466 651 503 quae
659 453 703 490 citat
712 453 793 489 Irenzcus

171 514 249 552 totidem
257 515 316 554 verbis
329 516 349 553 in
360 517 442 565 Epistola
455 517 478 554 ad
490 518 582 555 Romanos
594 516 691 565 Ignatiaua
703 515 792 563 legantur,

172 587 204 610 cnr
216 588 255 611 non
267 588 318 624 aeque
330 577 415 613 frivolum
428 581 446 613 et
458 577 542 626 ineptum
555 582 582 614 est
595 589 617 613 ea
627 575 700 614 aliunde
709 586 763 623 quam
771 585 799 608 ex·

172 634 206 670 hae
214 634 297 682 Epistola
306 634 361 672 citata
369 648 409 673 esse
417 635 516 673 hariolari?

79 691 165 758 ffigdlss·
198 694 234 731 Sed
250 694 305 731 habet
322 695 371 742 quod
385 700 461 745 reponat
478 710 500 734 ex
515 698 610 734 Paneror
625 697 660 735 Vir
671 696 790 740 doctissimus,

79 776 122 804 quam
129 752 148 796 e'x
172 756 184 773 “
192 754 245 790 Nihil
253 754 303 791 aliud
311 755 374 792 scribit
382 756 469 802 irenaeus,
477 757 514 793 nisi
521 757 557 794 hoe
567 757 629 803 istum,
639 758 691 806 cujus
702 755 792 801 meminit,

78 805 152 872 {lffiftssm
172 815 243 851 [liciace.
270 815 290 850 Si
298 816 362 851 saltem
371 817 409 852 haec
421 829 463 852 eum
471 818 563 863 scripsisse
575 817 648 862 diceret,
658 817 741 860 colorem,
750 817 793 853 licet

79 881 105 908 est.
171 874 236 913 salsum
250 879 268 912 et
283 874 385 920 evanidum
397 875 476 923 aliquem
489 879 552 912 tamen
564 875 640 912 haberet
653 888 727 923 argume
740 876 792 911 tatio.

172 935 202 973 Sic
214 935 296 973 animer
308 936 369 985 aliquo
377 937 447 985 ignatii
459 937 525 986 scripto
537 937 576 974 haec
589 937 629 985 ejus
637 937 692 974 rerba
701 937 793 973 Irenaeum

173 998 257 1034 habuisse
265 997 347 1045 legitime
355 997 486 1035 concluderes:
499 998 573 1047 tametsi
585 997 631 1034 illud
639 998 688 1034 unde
697 1010 718 1034 ea
730 1010 791 1045 sump-

172 1057 224 1096 sisset
233 1058 301 1107 Ignatii
309 1059 395 1106 sappum
402 1071 426 1096 ne
435 1059 461 1095 sie
470 1048 543 1107 quidem
552 1058 648 1095 conficeres
658 1058 735 1095 eandam
742 1058 793 1095 illam

172 1131 210 1156 esse
219 1132 274 1168 quam
285 1132 320 1156 nos
332 1119 386 1156 hodie
394 1119 483 1156 habemus
496 1119 520 1156 ad
528 1121 620 1170 Romanos
633 1120 672 1167 ejus
681 1118 756 1156 nomine
763 1119 793 1155 in-

173 1179 258 1228 scriptam
271 1179 391 1227 Epistolam.”
417 1180 459 1216 Duo
469 1180 530 1229 ‘igitur
542 1179 614 1227 reponit
619 1195 624 1225 ς
641 1179 689 1227 apud
701 1180 792 1216 lrenaeum

171 1239 208 1286 legi
216 1251 254 1276 non
263 1242 275 1259 ‘¹
282 1239 391 1288 scripsisse‚”
401 1239 433 1275 sed
445 1241 457 1260 “
464 1239 528 1276 dixisse
534 1239 554 1284 ;”
568 1239 603 1275 hoe
615 1238 704 1287 primum:
718 1238 733 1275 si
744 1238 792 1287 lege-

171 1313 233 1337 remus
242 1303 254 1319 “
261 1300 369 1348 saepsisse?
379 1305 507 1349 argumentum
514 1304 577 1336 tamen
585 1305 669 1350 nostrum
678 1302 690 1319 ‘¹
696 1301 775 1336 colorem
780 1300 792 1317 '²

172 1365 245 1398 tantum
263 1360 347 1398 “falsum
364 1363 383 1398 et
400 1360 513 1399 euanidum”
530 1360 617 1407 haberet3
635 1360 670 1398 hoc
687 1361 791 1398 seeundmn.

138 1432 139 1435 ’
173 1422 191 1461 Α
204 1421 299 1470 posteriori
313 1421 385 1470 incipio,
398 1425 417 1459 et
430 1422 500 1459 Dallaeo
508 1422 598 1458 Dallaenm
610 1434 681 1470 oppono
690 1435 724 1470 pro
737 1422 793 1459 simili

172 1482 263 1520 sententia
272 1494 294 1518 en
303 1482 365 1519 eadem
374 1482 457 1529 Epistola
466 1482 653 1530 aPseudo-Diouysio
663 1482 751 1530 producta
761 1483 792 1518 ad-

171 1555 232 1580 uersus
242 1541 320 1578 Maximi
332 1542 420 1590 effugium
432 1541 504 1578 fortiter
513 1544 631 1590 pugnantem.
657 1542 727 1579 Auctor
735 1542 792 1580 Areo-

170 1603 295 1651 pagiticorum,
305 1602 386 1657 quisquis
397 1605 430 1648 est,
442 1593 551 1651 produxerat
559 1602 685 1638 testimoninm
694 1615 714 1638 eu
724 1602 793 1650 Ignatii

170 1663 253 1712 Epistola
267 1663 291 1701 ad
305 1664 397 1700 Romanos
401 1678 407 1709 ;
420 1663 522 1712 Epistolam
535 1663 586 1700 illam
594 1662 671 1701 Veteres
683 1676 746 1701 omncs
759 1664 792 1702 sub

171 1725 249 1775 Trajano
262 1724 348 1774 scriptam
359 1724 412 1774 paulo
423 1728 466 1762 aute
474 1724 583 1774 martyrium
592 1724 661 1772 Ignatii
669 1725 791 1764 erediderunt.

170 1786 280 1837 Dionysium
285 1785 415 1835 Areopagitam
421 1786 455 1823 sub
462 1785 568 1822 Domitiano
574 1789 667 1823 mortuum
672 1786 728 1827 fuisse
736 1786 792 1825 iidem

170 1852 264 1898 putarunt.
290 1848 337 1884 lude
351 1848 483 1884 validissimum
492 1848 602 1886 'confectum
614 1851 743 1895 argumentum
758 1851 792 1892 est,

170 1921 233 1948 verum
248 1907 357 1957 Dionysium
370 1907 405 1945 ista
422 1907 500 1945 scribere
515 1921 553 1945 non
565 1907 646 1957 potuisse
658 1907 759 1957 praesertim
771 1906 792 1944 in

80 1970 232 2017 sunamitis-*Opere
246 1968 420 2006 Timotheo-dicato.
447 1969 540 2005 Maximus
556 1969 591 2006 hae
605 1969 705 2018 objectione
720 1981 791 2018 pressus

81 2014 151 2043 tinctione
192 2030 196 2037 ·

81 2052 156 2080 traximus
172 2043 219 2072 mira
227 2030 294 2077 effugia
302 2030 415 2077 excogitavit,
424 2033 443 2065 et
451 2029 505 2078 plane
513 2030 611 2066 Dallaeana.
636 2031 704 2075 Primo,
714 2031 762 2079 qnod
770 2031 793 2067 ad

80 2089 166 2119 scholiastes
172 2102 212 2127 rem
221 2093 303 2126 nostram
312 2091 387 2135 spectat,
400 2086 454 2137 Τάχα
466 2087 542 2132 σύνηθες
555 2087 604 2136 αὐτῷ
616 2088 662 2126 εἶναι
675 2087 791 2138 ἀπόφθεγμα,

80 2128 147 2201 ῧῗὲἓὲἕῇ
172 2147 196 2188 uis
204 2147 235 2185 nal
246 2146 267 2185 τὸ
276 2145 368 2197 Θεοφόρος
375 2144 468 2193 πολλάκις
475 2145 523 2195 αὐτῷ
530 2145 627 2193 λεγόμενόν
635 2162 655 2183 τε
663 2146 694 2184 καὶ
701 2146 792 2199 (γραφόμε-
830 2145 832 2148 ”

80 2202 165 2270 rppapppp
172 2223 207 2253 vor,
217 2208 268 2257 forte
277 2210 313 2244 tae
321 2208 380 2252 verbu,
389 2208 445 2242 Auzea·
457 2218 504 2243 naeus
517 2208 611 2254 crucifissus
622 2211 654 2251 est,
666 2209 793 2255 epoputuepau

70 2250 136 2310 iulii?
172 2283 209 2310 esse
216 2269 287 2318 lunatio
291 2267 390 2317 forrrlllare.
408 2267 439 2305 Ita
447 2266 477 2304 ille
486 2280 528 2305 ermr
534 2267 603 2305 Dallrco
609 2267 631 2305 ad
641 2267 792 2318 apophthegmata

171 2332 254 2379 recurrit,
264 2337 282 2370 et
291 2321 351 2368 multo
363 2329 436 2380 quidem
452 2328 510 2367 adhue
523 2328 625 2379 speciosius.
656 2327 680 2367 ‘0
696 2329 737 2379 ἐμὸς
749 2330 792 2382 ἔρως

172 2392 285 2444 ἐσταύρωται
300 2392 451 2442 perfectissimam
468 2390 626 2439 apophthegmatis
641 2390 718 2438 speciem
731 2392 792 2440 habet,

172 2460 190 2493 et
199 2455 244 2492 Viro
253 2458 315 2492 saneto
327 2467 359 2502 per
368 2457 429 2490 totum
437 2452 479 2490 vitre
487 2465 561 2490 cursum
573 2455 614 2488 tum
626 2452 646 2488 in
658 2452 711 2489 dictis
720 2456 760 2490 tum
772 2453 792 2493 in

172 2516 243 2565 scriptis
251 2515 340 2551 familiare
349 2527 387 2551 esse
396 2514 461 2563 potnit.
477 2515 522 2550 Non
529 2512 552 2549 ad
558 2512 631 2560 Trajani
639 2515 721 2561 tempora
729 2515 792 2552 confu-

172 2588 214 2627 gere
222 2587 295 2614 neeesse
303 2575 339 2612 fuit
344 2590 350 2622 3
363 2575 419 2624 etiam
431 2574 465 2612 sub
474 2573 581 2612 Domitiano
588 2572 623 2610 hoc
632 2572 765 2624 apophthegma
774 2578 792 2613 et

225 2656 231 2670 ¹¹
241 2652 262 2681 De
269 2652 299 2681 Pol.
306 2650 343 2679 Eccl.
351 2651 372 2679 11.
380 2660 410 2688 cap.
418 2651 439 2679 13.
446 2659 459 2688 p.
467 2651 498 2680 223.
505 2658 543 2686 supr.
551 2648 616 2678 Pearson.
624 2648 678 2679 Proem.
685 2659 715 2688 cap.
723 2653 735 2681 3.
