1747 2957
170 204 205 240 196
362 215 594 245 nnsrrnoamns.rnaun1
644 228 646 232 ν

170 306 251 343 Aristide
262 308 383 355 sentiendum,
393 310 429 358 qui,
438 312 485 347 teste
494 307 612 356 Hieronymo,
622 308 634 326 “
640 306 725 343 volumen
733 305 792 343 nostri

114 406 115 409 Ἴ
171 367 261 414 dogmatis
265 369 355 405 rationem
361 369 455 405 continens
464 369 527 404 eodem
532 371 613 414 tempore
619 378 655 415 qno
662 370 681 402 et
688 365 792 404 Quadratus

172 428 267 464 Hadriano
284 430 364 477 Principi
381 429 423 465 decli
433 430 449 466 .''
476 428 530 466 anon
545 426 595 464 enim
610 426 685 462 “nostri
702 425 792 474 dogmatis

172 487 263 525 rationem
272 489 371 534 continet,'’
384 489 504 526 fundamenta
516 488 579 525 eorum
588 487 720 524 Haeretioorum
731 498 793 523 neces·

173 549 220 586 sario
229 550 299 586 evert't.
325 551 378 587 Idem
383 551 438 587 etiam
447 551 469 586 tle
475 549 593 598 Apollinario,
599 549 648 585 Asiae
654 547 793 596 Hierapohtano

173 609 268 658 Episcopo,
277 610 380 655 (licendum,
389 611 420 658 qai
428 611 456 646 Ill.
463 610 559 647 Antonino
568 609 655 658 “insigne
663 609 748 645 volumen
761 620 794 656 pro

174 670 209 707 fide
224 670 368 708 Cln'istianorum
382 671 450 716 aedil?
463 674 485 707 ut
498 674 516 707 et
529 671 551 707 tle
564 669 658 707 Melitone.
684 669 794 718 Theophilus

174 731 208 768 sub
217 731 329 778 Imperatore
338 731 365 766 M.
371 731 466 766 Antonino
474 730 542 766 librum
551 733 615 765 eontra
623 730 794 766 Marcionemcom·

174 788 235 837 posuit
240 803 245 833 3
255 788 310 824 alium
317 791 381 824 contra
386 788 509 836 Hermogenis
517 788 596 826 haeresin
603 788 701 836 inscripsit.
715 789 796 837 Agrippa

175 850 240 888 Castor
248 852 260 868 “
267 849 361 886 adversum
367 848 451 886 Basilidis
461 849 548 886 Haeretici
555 848 653 895 volumina,
661 862 701 898 qnae
708 850 728 886 In
736 850 797 886 Eran-

175 910 244 959 gelium
252 911 359 956 confecerat,
365 909 463 947 fortissime
472 909 575 947 disseruit.'’
588 909 654 947 Melite
663 906 706 947 ante
713 910 797 948 libellum

176 971 276 1020 supplicem
282 972 310 1008 M.
317 972 412 1008 Antonino
421 971 484 1008 [latum
492 971 551 1008 multa
560 971 655 1020 scripserat
664 971 687 1009 (le
695 972 796 1020 Prophetis,

177 1033 200 1068 de
212 1031 299 1076 Ecclesia,
309 1031 331 1066 cle
340 1031 390 1076 Fide,
402 1031 424 1067 de
438 1031 554 1079 generatione
565 1032 611 1068 {lesu
619 1031 694 1076 Christi,
704 1031 726 1068 [le
734 1032 798 1068 Incar-

176 1091 251 1129 natione
259 1091 304 1129 Dei:
317 1091 445 1139 Athenagoras
458 1090 519 1137 etiam,
532 1094 599 1140 praeter
607 1091 721 1141 apologiam,
731 1091 753 1129 [le
762 1092 798 1129 Re-

178 1151 289 1188 surrectione
303 1152 403 1200 scripserat,
419 1165 458 1200 quae
473 1152 534 1189 omnia
551 1152 574 1188 ad
588 1156 716 1200 argumentum
732 1153 799 1191 Irenaei

177 1212 299 1262 pertinebant.
320 1213 410 1261 Denique,
416 1218 438 1249 nt
444 1213 500 1250 refert
508 1212 598 1250 Eusebius
604 1212 653 1250 Hist.
660 1213 729 1250 Eccles.
738 1213 769 1250 lili.
775 1213 798 1251 ir.

179 1286 218 1321 cap.
227 1274 257 1311 21.
282 1273 348 1310 Iisclcru
356 1274 462 1320 latratoribus
469 1275 489 1309 iu
496 1273 579 1311 Ecclesia
586 1275 651 1321 floruit
659 1275 773 1321 Hegesippns,
783 1278 799 1310 cl

180 1334 276 1379 Dionysius
287 1333 415 1369 Corinthiorum
421 1324 525 1379 Episcopus,
532 1332 609 1379 Pinptus
617 1344 683 1380 auoque
693 1332 801 1369 Oreteusiruu

180 1393 284 1440 Episcopus,
293 1392 387 1440 Philippus
396 1397 485 1440 praterea
497 1398 515 1430 cl
522 1394 638 1440 Apollinaris,
648 1405 669 1430 uc
677 1393 746 1438 Mclito,
758 1393 800 1430 Illu-

181 1466 234 1491 suuus
243 1455 296 1490 ctiam
304 1452 464 1499 altiodrensem
473 1451 503 1490 ἐπὶ
511 1455 570 1490 πᾶσιν
578 1452 676 1504 Εἰρηναῖος,
686 1457 800 1503 etpostrcruo,

182 1528 214 1553 seu
218 1517 262 1563 post
269 1517 301 1551 laos
310 1526 368 1551 ciriaca·
376 1515 458 1551 Ircrrcus.
472 1514 504 1560 At,
514 1514 577 1551 eodem
585 1518 638 1559 teste,
648 1515 742 1565 Philippus
750 1515 801 1553 lnon-

181 1576 302 1614 lentissimum
311 1575 379 1613 librum
388 1578 451 1612 contra
459 1576 573 1612 Marcionem
582 1576 693 1624 composuit5
707 1575 802 1613 Modestus

180 1648 217 1683 prae
230 1635 298 1671 caeteris
307 1647 376 1671 errores
385 1636 424 1682 ejus
434 1635 520 1671 omnibns
532 1636 640 1682 spectandos
653 1636 746 1671 exhibuit:
759 1636 802 1671 Illu-

181 1707 236 1731 sanns
252 1694 320 1731 libram
338 1692 528 1743 ἐπιστρεπτικώτατον
545 1694 629 1732 adversus
646 1694 750 1732 Encratitas
762 1698 803 1731 tum

181 1755 261 1805 primunr
277 1758 349 1792 exortos
366 1754 438 1804 scripsit
443 1770 448 1800 5
467 1767 527 1803 neque
543 1759 606 1793 tamen
621 1756 688 1793 horum
703 1756 804 1805 crrjnspiam

181 1818 266 1859 'irenaeus
271 1816 360 1853 meminit.
387 1816 413 1853 Hi
421 1828 463 1853 cnm
469 1809 540 1853 Irenaeo
548 1829 586 1853 non
593 1818 687 1864 potuerint
696 1829 733 1854 esse
741 1817 803 1866 incog-

182 1877 222 1923 niti,
237 1881 255 1914 et
270 1877 328 1914 multa
342 1877 362 1913 in
375 1877 427 1914 libris
440 1877 477 1914 suis
491 1881 535 1925 tunc
549 1877 602 1913 editis
616 1869 713 1913 habuerint
728 1890 768 1925 qnae
781 1879 804 1914 arl

183 1941 311 1985 argumentum
327 1938 366 1985 ejus
383 1936 453 1973 luerint
468 1936 540 1983 idonea,
555 1950 592 1973 non
605 1940 669 1974 tamen
682 1941 736 1975 crant·
749 1938 771 1975 ab
783 1951 804 1975 eo

183 1998 278 2035 nominati,
304 1998 355 2033 IlIale
366 1998 423 2046 igitur
434 2010 444 2034 a
456 1998 525 2035 Dallaeo
535 2001 574 2034 tam
582 1998 703 2047 peremptorie
712 1999 803 2045 asseritur,

184 2059 284 2109 Auctorem
299 2057 377 2105 aliquem
395 2058 450 2094 etiam
463 2059 569 2105 praeclarum
580 2059 635 2095 fnisse
648 2060 719 2097 Irenaeo
731 2061 805 2108 penitus

185 2118 275 2167 ignotum,
283 2116 325 2154 uleo
333 2120 407 2154 tantum
416 2117 458 2165 qnia
471 2122 571 2165 opportuna
584 2120 677 2156 occasione
690 2120 751 2157 oblata
763 2134 805 2158 eum

185 2178 261 2217 minime
269 2176 376 2215 nominarit.
685 2208 687 2211 ,

210 2241 280 2277 Rursus
289 2239 372 2285 Hermas,
382 2238 471 2283 Clemens,
483 2238 598 2286 Polycarpns,
607 2239 676 2286 Papias,
686 2241 774 2288 lustinus,
784 2255 806 2279 ex

185 2300 248 2337 multis
262 2299 293 2347 qni
306 2301 349 2334 ante
361 2298 422 2346 ipsam
436 2296 522 2345 scripsere
538 2298 595 2345 pauci,
609 2298 683 2336 fuerumt
698 2301 720 2338 ab
735 2301 806 2340 Irenaeo

186 2359 259 2409 quidem
270 2357 371 2404 nominati,
385 2358 415 2394 secl
427 2370 450 2393 an
458 2359 517 2393 multa
526 2358 592 2394 exiliis
601 2359 640 2396 loca
648 2359 671 2396 ad
677 2362 806 2409 'argumentum

186 2433 240 2458 suum
252 2418 412 2468 luculentaquotl
426 2418 448 2455 de
463 2417 536 2466 Ignatio
549 2419 627 2467 postulat
639 2421 674 2457 Vir
687 2422 806 2470 doctissirnns,

186 2479 279 2530 excerpsit,
289 2483 307 2517 et
319 2479 340 2522 in
353 2479 409 2517 libros
422 2491 463 2517 suos
477 2478 579 2527 congessit?
594 2479 681 2519 Minime.
708 2483 807 2520 Clementis

186 2541 287 2589 Epistulam
295 2540 387 2576 continere
394 2540 419 2576 ait
426 2539 546 2575 Proditionem
553 2540 686 2576 ccaiuuucicatcru
692 2553 745 2577 cluunt
751 2542 808 2578 Deum

187 2600 319 2647 orituipolcutcu
327 2598 416 2646 facturam
428 2598 467 2636 cccli
478 2601 495 2634 el
508 2596 577 2640 ίθννιεῖ,1
594 2598 657 2648 (neque
666 2601 748 2647 minum,
757 2603 810 2650 cnjus

438 2664 552 2694 strenuitas.
623 2665 625 2667 ’
726 2670 728 2674 ’
747 2672 749 2675 ·
