1679 2935
189 149 262 180 nnsmn
273 148 384 177 nuenounus
396 148 518 178 nunnunnun.
629 141 668 180 239

44 250 70 287 tio
83 248 155 285 loeutus
169 247 203 289 est,
220 245 303 279 mentem
317 243 410 285 mutasse3
426 240 474 287 quod
491 242 503 260 “
512 240 544 288 qui
558 241 669 278 salmasium

44 309 94 348 novit
102 320 140 344 non
151 306 204 341 facile
215 302 294 339 credet?
314 300 442 348 Qnidigitun?
456 313 517 336 annon
526 300 613 336 Claudius
628 302 670 337 Sun-

45 369 103 408 navius
119 368 197 404 Senator
213 361 321 400 Parisiensis
337 360 389 398 novit
408 360 531 398 Salmasiuml
552 373 615 397 noune
631 362 670 410 ejus

46 429 107 468 omnia
120 425 220 464 admiratus
235 425 269 467 est,
284 425 303 458 et
319 420 410 470 praecipue
424 420 470 457 illud
484 421 535 469 Opus
549 421 572 458 <le
586 421 671 458 Primatu

45 493 104 538 Papae,
116 487 146 525 oui
157 486 192 523 hoe
201 482 280 530 elogium
291 481 389 530 inscripsit,
404 483 415 501 “
425 482 445 518 Si
455 494 520 530 pergas
528 481 568 518 istis
580 482 670 519 machinis

46 550 118 588 Urbem
130 549 231 589 concutere,
240 542 291 579 brevi
299 542 352 578 Itum
365 550 432 578 innon
443 550 526 592 ouumnn
536 542 618 578 Roin?”
644 543 670 579 Et

46 615 108 647 tamen
116 618 197 645 summus
205 603 236 640 hie
248 602 332 639 Salmasii
342 602 416 653 amicus,
430 606 484 651 atque
497 602 564 648 fautor,
577 615 615 640 non
623 603 669 640 veni-

46 674 77 706 tus
86 673 113 704 est
122 666 191 702 “istius
201 662 279 700 Veneris
288 675 361 711 carpene
370 662 490 700 sandalium.”
516 664 578 700 “Non
590 663 669 711 plaeet,''

47 728 111 778 inquit,
125 729 136 747 “
145 725 193 774 quod
208 737 229 761 ea
245 723 265 760 in
278 724 372 772 Apparatu
386 723 453 773 uulpes,
468 736 508 773 quae
522 723 543 762 in
557 725 597 773 ipso
610 726 669 774 Opere

47 789 114 828 laudas.
139 787 168 825 De
179 784 281 835 Ignatianis
294 781 380 834 Epistolis
390 784 479 834 intelligo,
488 798 532 834 quas
545 786 565 823 in
573 786 669 835 Apparotu

48 851 78 901 qui
89 850 136 899 prior
147 848 215 896 legitur
223 846 289 884 meiito
298 848 329 894 τῆς
337 845 407 886 νοθείας
416 847 499 893 revinois,
508 851 597 884 ettamen
606 860 668 885 eanum

49 911 154 948 auctoritate
163 907 267 957 saepiuscule
275 906 337 952 uteris
347 907 398 956 quasi
406 912 468 945 essent
480 906 572 955 legitimae,
581 921 615 945 neo
623 908 669 946 titu-

48 973 76 1009 lus
93 973 185 1009 auctorem
201 968 316 1006 mentiietun.
349 968 417 1005 Saltem
434 968 456 1005 de
472 969 508 1005 ista
524 973 557 1005 tua
573 971 669 1007 sententiae

48 1031 148 1069 mutatione
161 1029 231 1079 aliquid
244 1028 381 1077 significasses.'’
408 1028 495 1066 Judieent
511 1029 550 1078 jam
563 1029 630 1067 eruditi
645 1044 669 1068 an

49 1089 181 1140 Hammondus,
196 1102 220 1125 nn
235 1088 328 1125 sanutus
341 1089 415 1125 mollius
429 1089 514 1137 em'pseiit
528 1090 582 1126 istius
591 1090 670 1127 Venen's

49 1152 158 1189 sandalium:
171 1149 246 1187 interim
261 1148 400 1187 Hammonium
413 1146 510 1192 absolvunt
523 1148 642 1196 Athanasius,
651 1153 670 1186 et

50 1213 147 1250 Sainavius.
172 1212 241 1249 Nullus
251 1211 343 1259 Impostu-
350 1210 452 1247 Eusebium
461 1209 533 1257 delusit,
543 1210 605 1247 nullus
613 1211 670 1249 Euse-

49 1273 89 1310 bius
97 1272 226 1310 Athanasium.
