1679 2935
239 173 333 212 nonmauo
347 183 402 211 salru
414 183 559 212 couraovuusnu.
687 178 710 214 53

90 276 211 324 Polycarpum
218 276 268 313 velut
276 276 402 325 Apostolieum
409 275 469 314 uirum
482 275 528 313 [latis
540 275 603 321 literis,
612 276 711 313 Antioche-

89 349 133 373 nam
141 336 158 373 ei
166 336 266 374 Ecclesiam
274 336 492 386 praecipue'eommcntlat.
518 336 549 374 Atl
558 337 661 386 Smyrnoeos
669 349 712 374 sane

89 397 174 442 scribens,
182 398 241 434 utitur
249 397 308 434 verbis
317 396 425 446 quibusdam
433 397 482 434 unde
491 397 587 446 ossinnptis
595 396 705 435 nescimus.’'

114 457 238 505 Hieronymus
251 458 306 495 etiam
318 458 357 506 ipse
368 470 406 496 non
419 458 471 495 aliter
484 458 582 506 capiendus
594 458 615 495 in
625 458 713 506 Gatalogo
720 463 789 501 Hierony.

89 518 198 566 scriptorum
214 518 389 566 Ecclesiasticorum,
407 519 440 557 ubi
457 519 482 557 ait
499 523 521 557 ex
537 519 622 557 Eusebio.
648 501 800 570 “Indeffiny‘ssp

90 579 185 627 egrediens
194 580 265 628 scripsit
274 580 297 617 ad
305 580 450 628 Philadelpheos,
460 583 478 617 et
490 580 513 617 ad
525 581 634 629 Smyrnaeo,
644 583 663 617 et
671 592 712 629 pro·
720 579 794 645 mmylfflfl

89 639 128 686 prie
140 639 164 676 ad
175 640 301 689 Polycarpum,
311 640 440 677 commendans
453 640 481 677 illi
492 637 637 685 Antiochensem
649 641 712 678 Ecole-
720 626 747 646 ⁰⁰n
757 626 799 646 1ma.

89 698 154 736 siam.''
181 700 231 739 Quid
243 700 322 737 clarius?
339 701 416 748 Proprie
429 700 478 738 enim
490 700 520 737 hic
532 700 579 744 nihil
592 701 642 738 aliud
654 705 712 748 sonat,

90 771 145 807 quam
161 761 262 808 separatim,
281 761 318 798 sire
334 759 422 798 seorsim(
438 761 469 798 Ita
488 761 600 810 Sophronius
617 761 712 811 interpres,

89 817 158 861 Ἰδιαῶς
166 819 211 871 πρὸς
217 818 346 871 Πολύααρπον.
364 821 399 858 Est
405 824 466 858 autem
473 819 538 864 ἰδιαῶς,
544 821 643 871 interprete
651 822 712 869 Suida,

91 880 199 928 καταμόνας,
226 882 269 930 Ipse
278 882 402 931 Hieronymus
414 883 441 920 ita
453 882 497 920 alibi
505 883 591 931 loquitur,
600 883 620 920 in
630 883 664 921 hoe
672 883 712 932 ipso

92 942 184 991 catalogo,
203 943 303 980 Clementis
323 943 443 980 Alexandrini
463 956 518 992 opera
538 956 638 982 recensens.
665 945 712 982 “De

91 1002 195 1040 canonibus
212 1003 349 1049 Ecclesiasticis,
367 1008 385 1057 et
402 1004 487 1041 adversus
504 1016 540 1049 eos,
558 1003 589 1052 qui
607 1002 713 1041 ludaeorum

91 1067 192 1110 sequuntur
209 1076 287 1100 errorem
304 1063 360 1099 Liber
376 1076 429 1108 orius,
448 1076 502 1110 quem
520 1063 592 1110 proprie
608 1064 713 1101 Alexandro

92 1121 262 1170 Hierosolymorum
273 1121 362 1169 Episcopo
371 1119 522 1171 apooepotraod’
547 1122 573 1158 Et
585 1121 608 1158 de
616 1122 714 1170 Apollonio

91 1194 152 1230 agens.
178 1183 318 1220 “Tertullianus
333 1194 365 1220 ser
376 1181 502 1220 uoluminibus
516 1182 601 1220 adversus
613 1184 714 1221 Ecclesiam

91 1241 150 1288 editis,
175 1241 309 1291 quaeseripsit
331 1239 373 1292 περὶ
392 1239 500 1285 ἐκστάσεως,
523 1242 621 1291 septimum
637 1244 715 1293 proprie

93 1303 177 1339 adversus
197 1303 316 1351 Apollonium
330 1302 434 1348 elaboravit,
456 1303 477 1340 in
496 1316 532 1351 quo
549 1304 611 1341 omnia
628 1317 668 1352 qua
684 1305 717 1342 ille

92 1363 152 1412 arguit
168 1363 245 1401 conatur
262 1362 377 1400 defendere.”
410 1363 513 1412 Utrobique
529 1365 608 1412 proprie,
626 1364 716 1414 significat

90 1425 210 1471 praeliator,
224 1427 242 1462 et
257 1424 334 1462 vertitur
346 1437 357 1461 a
370 1424 472 1472 Sophronia
488 1423 552 1469 ἰδιαῶς,
565 1428 588 1462 ut
603 1425 624 1462 in
636 1425 715 1473 Ignatio.

93 1483 147 1522 Quod
159 1487 220 1521 autem
230 1484 318 1533 sequitur,
329 1484 366 1521 “in
377 1484 413 1533 qua
425 1487 444 1521 et
455 1484 477 1521 de
489 1484 589 1532 Evangelio
598 1484 647 1533 quod
658 1498 716 1535 nuper

91 1557 102 1580 a
116 1557 145 1581 me
157 1545 267 1581 translatum
280 1548 313 1589 est,
327 1557 381 1593 super
394 1546 472 1592 persona
485 1545 555 1581 Christi
568 1545 620 1593 ponit
633 1545 716 1582 testimo-

46 1650 47 1653 *
92 1604 162 1649 nium,’'
172 1605 219 1641 illud
231 1606 250 1640 a
263 1617 297 1651 paea
310 1617 352 1641 cum
364 1617 470 1652 expressum
482 1617 520 1641 non
532 1605 599 1642 habeat
607 1606 715 1642 vocabulum

92 1663 200 1700 antecedens
213 1663 236 1699 ad
245 1663 293 1711 quod
304 1663 398 1708 referatur,
407 1663 508 1708 necessario
521 1663 547 1699 ita
560 1665 670 1701 sumendum
681 1669 714 1710 est,

60 1752 62 1755 .
91 1725 113 1759 ut
121 1721 130 1758 ὁ
139 1720 159 1758 δὲ
167 1721 220 1762 αὐτὸς
228 1720 337 1774 Σμυρναίοις
349 1720 425 1773 (γράφων
433 1721 482 1771 apud
491 1722 597 1769 Eusebium,
607 1736 629 1760 ex
638 1736 673 1772 quo
683 1737 715 1760 sua

92 1784 216 1832 Hieronymus
232 1784 352 1832 transcripsit.
378 1784 402 1820 Id
419 1786 481 1820 autem
497 1787 518 1820 ut
535 1784 572 1830 fiat,
588 1785 660 1821 nullum
676 1796 715 1821 esse

29 1838 32 1843 ’
92 1844 168 1881 dubium
175 1844 285 1894 jampridem
297 1844 374 1881 asseruit
382 1844 457 1881 Isaaeus
467 1843 589 1890 Oasauhonus,
599 1845 643 1893 quin
650 1857 715 1894 paren-

91 1905 164 1942 theseos
172 1905 221 1942 notis
232 1905 308 1953 adjectis
319 1904 349 1942 hio
359 1904 469 1953 Hieronymi
480 1905 531 1941 locus
542 1905 569 1941 ita
581 1905 605 1941 sit
613 1905 715 1954 concipien-

92 1965 131 2002 dus.
146 1967 170 2002 ,“
176 1965 253 2014 Scripsit
270 1965 293 2003 ad
307 1964 453 2013 Philadelpheos‚
466 1968 485 2002 et
500 1964 523 2002 ad
538 1966 660 2014 Smyrnaeos,”
675 1969 716 2002 tum

91 2025 197 2073 parenthesi
209 2025 296 2071 adhibita,
311 2025 331 2074 [“
336 2029 355 2062 et
367 2026 440 2073 proprie
452 2025 476 2061 ad
488 2025 611 2074 Polycarpum
624 2037 716 2062 commen·

93 2085 138 2121 [lans
147 2085 175 2121 illi
183 2085 328 2122 Antiochensem
341 2084 441 2133 ecelesiam)
451 2085 472 2121 in
482 2086 536 2132 qua,”
546 2088 580 2122 eto.
607 2086 631 2122 Et
640 2086 716 2122 Richar-
725 2088 770 2124 (Rich.

94 2146 127 2182 dus
144 2145 270 2183 Montaeutius
287 2145 388 2194 Episc0pus
410 2145 533 2190 Nervicensis,
551 2146 582 2194 qui
601 2146 662 2194 quasis
679 2126 806 2202 fereiffiffiffi

92 2208 186 2244 occasione
203 2211 274 2256 arrepta
291 2207 421 2244 Oasaubonum
435 2207 518 2244 vellicare
536 2207 587 2253 solet,
600 2198 630 2244 hic
646 2208 715 2246 laudat.
724 2203 773 2241 Non.)

93 2270 104 2287 “
110 2267 179 2314 Bene,''
188 2268 253 2316 inquit,
263 2270 275 2287 “
281 2271 299 2304 et
307 2270 360 2304 acute
369 2267 485 2304 doctissimus
494 2267 612 2305 Oasaubonus
621 2269 715 2316 annotavit

92 2328 243 2377 esse‘parenthesi
254 2328 364 2365 includenda
376 2328 471 2377 interjecta
484 2327 539 2365 verba
552 2328 715 2376 interseptae,
731 2325 732 2328 ¹

93 2391 111 2423 et
119 2388 139 2424 ta
147 2388 201 2436 pao!²
226 2388 269 2436 Ipse
280 2388 335 2425 etiam
343 2388 429 2425 Usserius
438 2379 567 2425 Casaulionum
578 2391 597 2425 et
605 2388 685 2426 Baronio
698 2392 716 2426 et
724 2393 778 2439 asserii

94 2448 186 2485 Helloixio
199 2449 299 2485 acutiorem
307 2450 363 2496 longe
376 2448 463 2496 agnoseit,
472 2461 514 2485 eum
523 2452 586 2485 tamen
598 2449 670 2493 deserit,
680 2450 717 2486 sola
724 2431 796 2505 {fflfde

93 2505 266 2554 Augustodunensis
272 2509 351 2545 Honorii
360 2508 468 2545 auctoritate
476 2512 575 2556 permotus,
585 2509 617 2557 qui
626 2512 637 2528 “
643 2509 715 2558 Episto·
724 2507 786 2541 ruryee

92 2564 129 2600 lam
142 2566 166 2602 ad
178 2567 299 2617 Polycarpum
308 2568 328 2605 iu
341 2580 397 2605 censu
407 2567 515 2616 scriptorum
527 2567 596 2616 Ignatii
608 2568 662 2617 plane
670 2581 714 2616 pree·
723 2552 761 2580 pum.

92 2625 230 2666 termittendam
245 2642 283 2676 esse
293 2629 387 2680 judicavit,
400 2629 426 2667 ita
438 2628 521 2667 videlicet
534 2629 592 2668 verbis
606 2627 714 2677 Hieronymi
