1679 2935
152 191 176 227 tl
398 204 422 231 ru
435 202 535 231 unoronuu.

152 294 221 331 mnsins
229 295 311 333 observat
317 296 440 345 Impostorem
448 292 607 341 manipretium
615 293 704 337 nostrum,
711 289 775 327 dixisse

60 371 128 402 spmffifi
153 355 288 407 πρεσβυτέριον
304 369 343 394 esse
360 355 414 405 νόμον
430 356 517 408 Χριστοῦ,
535 355 576 402 poio
593 365 615 390 en
634 353 744 389 institutione
759 356 777 389 et

60 411 109 440 inanis
119 413 243 455 discernente
253 419 320 456 oni-trit
333 419 453 455 introdnctnni
465 421 496 463 est,
506 416 601 454 Zotioncnr
614 418 675 452 autem
686 413 775 459 laudasse,

60 450 116 479 tinctio.

155 478 203 526 qnod
211 479 301 528 Episcopo
310 479 402 528 subjectus
411 483 465 524 esset,
474 476 497 518 ds
505 475 569 529 χάριτι
576 476 628 520 Θεοῦ,
637 478 657 512 ιιι
662 476 726 522 protis
734 475 777 521 Dei,

155 549 188 586 piro
200 550 262 577 rrooorn
274 540 320 578 toric
333 540 460 578 institutionem
472 538 557 587 Episcopi
568 536 678 585 presbyteris
693 546 776 584 superpo-

154 600 208 635 nendi
215 599 253 636 Dio
262 600 316 637 etioni
323 600 396 647 pinsere
405 599 507 636 ostenderet.
534 597 571 635 Sed
578 596 621 646 'quis
632 608 713 644 unquam
722 607 744 632 ex
753 607 775 632 eo

155 659 259 696 ostenderet
272 660 402 708 Episcopatum
418 659 528 708 preshyteris
544 659 602 707 primo
616 656 776 706 superimpositum

154 719 209 757 inisse
218 721 276 768 gratia
284 721 325 767 Dei,
335 721 378 768 quia
385 720 519 769 presbyterium
528 720 598 768 exlege
606 720 642 756 Dei
646 718 775 768 praescriptum

155 783 188 825 est,
202 781 321 829 Episcopatus
334 781 366 818 illo
380 781 461 829 superior
474 793 496 817 er
504 780 598 818 voluntate
610 780 706 817 hominmn
717 779 775 816 intro-

154 839 224 886 ductus,
234 843 252 878 et
262 841 335 890 quidem
347 841 379 878 diu
392 844 434 890 post
447 841 578 889 Apostolorum
586 841 669 878 omnium
683 841 775 878 mortem?

153 900 192 938 Aut
201 900 241 950 quis
251 900 330 950 colliget,
341 914 364 938 ex
375 914 402 948 eo,
414 902 462 951 quod
474 901 518 949 quid
533 902 591 950 gratia
604 902 641 938 Dei
654 902 725 939 factum
738 914 776 939 esse

153 962 225 1009 dicitur,
240 962 290 1001 idem
302 976 324 1001 ex
336 963 430 1001 voluntate
443 966 462 1000 et
473 962 590 1000 institutione
599 961 661 1000 divina
669 963 725 1000 etiam
739 964 776 1012 pri-

152 1037 211 1061 meeva
218 1025 321 1072 profectum
329 1037 368 1061 non
376 1024 428 1061 esse?
451 1023 560 1061 Salmasium
568 1023 628 1072 ipsum
637 1024 713 1072 appello,
723 1025 776 1072 cujus

153 1085 193 1124 haec
205 1085 261 1124 verba
275 1090 324 1134 sunt,
338 1087 393 1129 Qnosi
406 1098 446 1123 ono
460 1097 481 1122 eo
495 1097 532 1134 pne
549 1097 571 1122 en
585 1085 695 1122 institutione
710 1085 777 1122 Gtristi

153 1151 254 1193 innncriint,
266 1159 301 1183 non
312 1149 366 1184 etiarn
376 1148 412 1183 Dei
423 1147 502 1194 protioin
510 1146 615 1193 proferent.
633 1138 668 1183 *aa
678 1146 717 1182 siue
726 1147 777 1182 omni

154 1211 210 1249 dnbio
223 1211 319 1264 Scriptoris
331 1224 384 1248 mens
397 1211 438 1257 fuit,
452 1211 484 1260 qui
496 1211 623 1260 Episcopalern
634 1210 723 1255 ordinem,
733 1225 777 1259 qua-

154 1275 209 1309 tenus
216 1272 329 1322 presbyterio
337 1264 487 1321 superimpositus
500 1275 532 1317 est,
544 1283 594 1308 nunc
602 1269 657 1322 χάριν
665 1272 718 1318 Θεοῦ,
727 1284 777 1310 nunc

154 1331 228 1381 ιγνώμιιν
244 1334 332 1384 Χριστοῦ,
349 1346 399 1370 nunc
415 1331 448 1380 τὴν
461 1331 536 1379 ἐντολὴν
553 1332 637 1381 appellat,
655 1324 736 1383 tdeoque
755 1347 776 1371 ex

155 1395 214 1443 gretia
221 1394 263 1441 Dei,
276 1407 298 1431 ex
311 1395 403 1432 sententia
411 1394 486 1439 Christi,
496 1407 518 1430 ex
529 1394 617 1431 mandato
630 1394 691 1431 divino
702 1395 777 1433 institu-

154 1455 194 1492 tnrn
203 1455 259 1493 fuisse
268 1455 327 1493 dccet.
352 1456 428 1493 Frustra
435 1456 492 1504 igitur
500 1455 603 1503 excogitata
611 1459 638 1492 est
645 1455 678 1492 illa
684 1456 777 1494 distinctio

153 1516 202 1552 inter
215 1516 293 1564 gratiam
303 1521 321 1553 et
333 1515 394 1564 legem
405 1515 442 1554 Dei
451 1515 586 1565 Evangelicam.
613 1516 703 1563 Secundo,
718 1518 777 1555 adhuc

153 1576 267 1614 manifestius
275 1577 312 1614 vim
322 1578 363 1614 loco
371 1576 427 1614 infert
436 1576 513 1614 minime
523 1576 677 1623 insudandum
686 1578 777 1627 duplicem

153 1649 176 1675 ex
183 1638 212 1674 his
220 1639 281 1675 verbis
293 1638 402 1686 petitionem
413 1637 504 1686 proponit,
513 1640 534 1674 ut
543 1637 566 1673 de
574 1635 630 1674 rebus
637 1638 707 1675 duabus
717 1639 777 1687 Scrip-

153 1702 212 1736 torem
225 1711 284 1747 agere,
293 1698 315 1735 de
328 1699 426 1748 juveutute
438 1698 507 1735 scilicet
515 1698 605 1747 Episcopi,
614 1702 633 1735 et
643 1699 725 1736 novitate
733 1701 777 1750 Epi-

154 1762 238 1807 scopatus
252 1760 321 1796 doceat.
348 1759 411 1795 Unam
426 1758 535 1806 petitionem
550 1759 573 1794 ad
589 1758 667 1805 plebem,
685 1761 739 1796 aliam
754 1763 778 1798 ad

154 1819 269 1869 presbyteros
278 1818 346 1868 dirigit.
372 1818 427 1865 Petit,
435 1818 502 1867 inquit,
512 1831 523 1854 ιι
528 1811 585 1865 plebe,
594 1822 614 1854 nt
622 1831 657 1855 non
665 1813 777 1867 einisfoini-

155 1880 225 1918 tinnitor
240 1892 278 1918 enin
291 1879 380 1927 Episcopo
394 1882 442 1927 spot,
457 1878 504 1927 qnod
515 1877 597 1916 ridentur
609 1879 684 1927 jnnior:
701 1883 749 1930 petit
766 1897 777 1920 o

151 1942 266 1987 presbyteris,
279 1944 299 1977 nt
311 1942 349 1977 sine
358 1940 463 1988 prejudicio
476 1940 593 1988 adprobando
601 1944 619 1977 et
630 1942 734 1989 incipiendo
746 1957 776 1981 no-

155 2002 203 2038 oellae
211 1993 263 2049 liiijiis
271 2002 393 2047 institntionis',
402 2002 483 2038 tenorem
492 1994 508 2037 ei
517 1992 611 2049 deferrent.
637 2003 667 2040 Ita
675 2004 777 2054 Epistolam

156 2062 223 2110 duplici
234 2062 308 2099 nomine
316 2062 420 2110 petitoriam
431 2062 521 2110 proponit,
531 2074 573 2099 curn
584 2075 608 2100 ne
616 2077 654 2101 una
662 2065 736 2112 quidem
747 2067 777 2104 hic

154 2122 218 2171 petitio
232 2122 262 2168 sit,
276 2122 345 2159 nedum
359 2122 405 2160 duae.
431 2122 476 2159 Non
489 2123 536 2171 petit
552 2123 636 2171 ignatius
653 2125 750 2174 quicquam
766 2142 777 2164 a

154 2184 226 2233 popolo,
239 2184 271 2222 sed
280 2184 333 2222 docet
341 2183 386 2232 quid
397 2196 426 2220 eos
435 2184 503 2230 deceat,
515 2183 557 2231 intr
566 2183 666 2235 diespiter,
677 2186 742 2236 inquit,
751 2187 777 2236 μὴ

155 2244 274 2296 συρχρᾶσθιιι
282 2246 304 2294 τῇ
312 2244 376 2297 ήλιιίρ
383 2246 414 2283 τοῦ
422 2243 544 2292 Ἑπισιιόπου,
553 2246 660 2284 indecorum
668 2259 707 2285 esse
716 2252 777 2287 osten-

156 2305 189 2352 dit,
199 2309 220 2343 ut
231 2306 321 2355 Episcopo
335 2319 373 2353 sno,
384 2299 464 2356 quamvis
477 2307 550 2356 juvene,
564 2307 678 2345 familiariter
688 2313 765 2348 utantur
771 2327 776 2357 ς

155 2369 227 2403 tantam
235 2367 253 2403 ei
261 2367 318 2404 officio
327 2367 436 2415 dignitatem
449 2368 538 2414 attribuit,
551 2371 573 2405 nt
585 2368 608 2406 ad
617 2382 714 2418 personam
723 2371 777 2409 erile-

156 2438 206 2464 scere
215 2438 253 2463 non
266 2426 335 2465 debeat¹
361 2428 379 2464 A
389 2428 500 2477 presbyteris
511 2428 558 2466 nihil
570 2422 645 2468 omnino
657 2431 714 2479 petit;
729 2434 778 2480 quod

156 2498 219 2524 eornm
228 2487 306 2524 officium
314 2488 334 2525 in
341 2488 376 2525 hac
388 2500 408 2526 re
417 2489 446 2534 sit,
455 2501 479 2526 ne
488 2490 540 2527 docet
548 2490 626 2538 quidem,
636 2491 685 2539 quod
693 2503 724 2529 eos
733 2494 777 2530 satis

156 2547 180 2584 ad
187 2547 223 2584 hoc
228 2547 352 2599 praestandum
359 2552 453 2596 promptos
459 2553 477 2585 et
486 2550 553 2586 alacres
561 2562 601 2586 esse
606 2552 692 2588 novisset.
709 2553 778 2590 Eorum

155 2608 213 2657 igitur
226 2608 329 2657 exemplum
343 2608 393 2657 plebi
405 2609 496 2657 proponit,
505 2609 629 2657 nequissimum
642 2622 681 2648 esse
694 2600 778 2662 jndicnns

154 2673 176 2708 nt
184 2669 212 2708 illi
222 2669 304 2719 populus
310 2681 352 2707 cum
360 2668 410 2706 omni
422 2670 523 2708 reverentia
531 2670 656 2719 subjiceretur,
666 2673 695 2709 cni
703 2675 777 2725 presby-
