1679 2935
191 189 263 219 EUSEBH
275 187 386 217 AUCTOEITAS
398 184 518 218 DEEENDIEUE
629 177 666 219 233

43 286 145 325 Posteriora
153 280 214 320 omnia
223 280 254 316 diu
262 284 302 328 post
311 281 408 324 Ireuaeum,
418 275 502 327 diu'post¹
510 274 611 316 Eusebium
623 272 666 316 con-

44 348 109 395 scripta
118 348 170 381 sunt:
184 345 274 378 eteorum
285 339 424 387 interpolatores
436 340 536 376 sententias
546 343 590 387 quas
598 339 667 376 habent

44 420 66 443 er
77 402 163 452 Epistolis
175 399 334 446 transcripserunt,
343 401 364 433 nt
376 411 410 434 nos
423 404 465 435 ante
478 398 596 435 ostendimus.
622 399 669 434 Haec

44 465 99 513 igitur
108 461 173 510 saepius
182 460 249 495 iterata
256 458 303 493 nihil
311 457 415 506 proficiunt.

70 522 154 572 Secundo
162 519 247 570 objicitur
256 517 320 555 similis
329 517 368 567 ejus
376 516 396 556 in
403 518 503 568 Polycarpo
512 518 613 565 oscitantia,
620 518 670 568 quod

47 589 101 629 “non
109 581 206 621 attenderit
219 579 255 616 duo
268 579 300 615 illa
311 591 352 628 quae
361 578 387 616 ¹eu
400 580 438 628 ejus
444 580 530 628 'Epistola
538 580 621 617 recitavit
629 581 669 617 loca

47 633 108 693 aperte
121 645 170 680 inter
184 654 203 678 se
216 641 317 688 pugnare.”
342 640 426 677 Profecto
439 641 454 677 si
467 641 506 677 haec
518 653 561 678 vera
574 645 639 689 essent,
654 641 670 677 si

47 704 135 741 Eusebius
143 702 228 737 recitaret
237 700 273 735 dno
281 701 321 736 loca
330 701 585 748 111111111111111111111111111111
593 713 669 749 eamque

45 761 189 812 repugnantiam,
199 771 239 809 quae
246 763 286 797 tam
294 763 356 808 aperta
364 764 415 806 esset,
425 760 500 797 minime
509 761 667 807 animadverteret,

46 823 134 874 quomodo
143 822 224 859 excusari
231 825 293 869 posset
302 834 340 859 non
347 822 405 859 video.
431 823 456 860 Et
464 826 527 860 tamen
534 822 587 861 venia
595 822 668 871 dignio-
692 826 695 830 “

45 898 84 923 rein
92 883 167 921 bancin
175 883 275 932 Polycarpo
288 882 403 920 oscitantiam
416 882 448 920 illa
461 895 501 931 quae
514 883 534 921 in
547 884 619 921 Irenaeo
631 883 668 921 fuit

46 947 113 983 fatetur
121 944 206 980 Dallaeus.
233 943 300 989 coare,
310 943 387 980 amabo?
400 955 466 992 nempe
475 944 517 992 quia
529 944 580 982 novit
593 955 615 980 ea
628 939 668 992 quae

47 1005 113 1053 objecit
126 1016 165 1040 esse
178 1003 284 1040 falsissima:
304 1016 363 1052 neque
377 1004 483 1047 Eusebium,
499 1004 531 1041 sed
544 1016 578 1041 nos
591 1004 668 1041 oscitare

47 1064 116 1114 putavit
124 1076 167 1112 cum
173 1063 210 1101 ista
218 1063 310 1102 scriberet.
325 1063 411 1112 Quisquis
419 1064 452 1101 illa
458 1064 499 1101 loca
507 1077 548 1112 quae
556 1077 579 1102 ex
586 1059 670 1112 Epistola

48 1124 141 1174 Polycarpi
152 1124 235 1161 recitavit
243 1125 333 1161 Eusebius
344 1125 447 1173 perlegerit,
456 1125 528 1161 nullum
537 1121 586 1162 inter
595 1137 616 1161 ea
624 1138 670 1172 pug-

48 1199 95 1232 nam,
109 1185 179 1220 nullam
193 1185 222 1221 vel
235 1185 383 1222 contradictionis
396 1183 480 1222 umbram
494 1198 533 1222 esse
548 1183 672 1222 confitebitur.-

50 1246 85 1282 Sed
94 1245 133 1280 “ad
144 1245 212 1281 calcem
224 1244 395 1293 loetposteuorisj’
409 1244 475 1293 inquit,
490 1245 559 1293 aliquid
571 1245 608 1281 tale
619 1257 671 1293 repe-

48 1306 99 1341 ritur.
123 1305 195 1341 Verum
212 1317 233 1342 11
250 1318 290 1354 quae
307 1307 350 1341 sunt
363 1304 379 1324 “‘
389 1305 412 1342 ad
429 1304 496 1342 calcem
504 1305 524 1335 '³2
533 1301 573 1342 uon
587 1304 671 1342 recitavit

49 1364 147 1403 Eusebius:
160 1365 206 1403 falso
218 1364 275 1414 igitur
290 1364 481 1415 assertionesque
494 1364 576 1404 recitarit
589 1364 638 1403 111111
652 1378 671 1403 11
733 1395 736 1404 2
750 1388 752 1390 v

49 1440 139 1476 pugnare:
154 1431 172 1464 et
185 1427 201 1464 si
213 1427 251 1464 ulla
261 1441 324 1476 pugna
336 1430 389 1472 esset
397 1425 487 1475 pugnaret
499 1427 550 1463 locus
559 1439 614 1475 quem
625 1422 675 1463 1111Ᾰ

49 1488 93 1525 tavit
106 1500 148 1524 cum
163 1501 184 1525 eo
200 1500 254 1537 quem
268 1501 306 1525 non
320 1487 408 1532 recitavit,
424 1495 442 1525 et
459 1487 511 1536 cujus
528 1487 576 1524 solus
594 1487 671 1534 Photius

49 1548 131 1584 1111111111
144 1548 227 1595 plinibus
243 1560 297 1595 quam
314 1547 418 1596 quingentis
435 1550 475 1594 post
491 1547 592 1583 Eusebium
607 1547 671 1583 annis:

50 1621 107 1657 neque
119 1605 183 1645 taimen
193 1609 231 1645 ulla
243 1607 431 1645 1111111111111111111
440 1606 530 1645 Photiana
538 1620 600 1656 pugna
608 1611 641 1653 est,
650 1611 672 1643 ut

50 1680 82 1705 nos
102 1669 141 1705 fuse
157 1668 280 1718 probatianus.
306 1670 360 1706 Certe
377 1669 392 1705 si
408 1668 439 1705 hic
455 1667 558 1705 oscitaverit
575 1667 674 1713 Eusebius,v

51 1729 131 1767 oscitavit
148 1735 166 1767 et
183 1735 223 1767 tota
239 1730 320 1767 Ecclesia
333 1729 419 1775 Asiatica,
435 1740 475 1778 quae
491 1732 550 1765 totam
566 1728 672 1777 epistolam,

52 1802 104 1836 quam
112 1790 174 1827 citavit
182 1790 278 1835 Eusebius,
287 1803 320 1838 per
328 1793 356 1825 tot
365 1790 431 1826 saecula
439 1789 511 1838 publice
518 1789 597 1836 legebat.

76 1850 148 1898 Optime
156 1851 212 1899 igitur
224 1850 275 1889 nou't
283 1850 373 1889 Eusebius
381 1850 421 1887 loca
429 1850 467 1887 baec
475 1848 571 1897 Polycarpi
580 1851 598 1885 11
606 1848 672 1891 irenaei
679 1860 725 1895 Quare

51 1909 141 1948 indubitat
114 1914 174 1949 tatum
182 1911 285 1960 ignatianis
298 1910 384 1979 Epistolis
397 1909 523 1947 testimonium
536 1908 626 1957 praebere:
639 1922 671 1945 ue·
679 1899 746 1936 crigenis

52 1983 85 2018 que
94 1972 128 2010 alia
134 1973 222 2011 adhibere
229 1973 258 2010 vol
258 1972 292 2019 uit
298 1973 341 2009 licet
348 1971 387 2008 sine
396 1984 446 2008 omnr
440 1970 509 2007 dubio
518 1970 571 2019 plura
578 1983 601 2018 po
602 1970 671 2007 tuisset.
658 1939 743 2007 tidiiiino
726 1985 756 2005 non

52 2030 95 2068 Post
108 2033 157 2070 enim
170 2035 230 2071 animo
243 2037 349 2080 conceptam
357 2032 405 2069 hauc
413 2031 523 2079 opinionem,
533 2044 620 2079 quorsum
628 2031 673 2069 alios
680 2014 756 2081 editi?

52 2091 157 2136 posteriores
173 2093 290 2129 nominaret?
309 2104 341 2129 cur
357 2095 423 2140 praeter
441 2091 516 2127 solitum
532 2102 602 2127 morem
618 2091 639 2126 in
654 2104 674 2127 re

52 2150 127 2188 minime
144 2158 259 2191 controversa
275 2156 331 2190 testes
348 2156 454 2200 congereret
470 2155 525 2200 atque
540 2151 673 2199 condensaret?

53 2207 149 2248 infirmum
156 2214 213 2261 igitur
221 2217 350 2261 argumentum
359 2217 387 2249 est
398 2213 447 2260 qnod
457 2212 488 2248 1111
497 2211 581 2249 adversus
590 2212 674 2258 Origeuis

52 2271 155 2310 testimonia
171 2275 229 2312 nectit
242 2274 328 2312 Dallaeus.
355 2275 368 2293 “
372 2274 402 2310 De
417 2273 496 2319 Origene
512 2272 584 2309 nullum
598 2271 674 2308 verbum

53 2328 113 2368 lecit.”
141 2334 291 2372 Ouorsumenim
304 2334 326 2371 de
335 2332 414 2380 Origene
423 2332 477 2370 verba
489 2331 562 2376 faceret,
572 2342 613 2367 cum
626 2331 683 2367 anti-v

54 2390 148 2436 qinssimos
159 2394 200 2432 illos
211 2395 331 2444 Polycarpum
344 2396 362 2429 et
370 2390 593 2429 Ireneeumnominasset?
620 2391 674 2427 “Sed
703 2400 705 2403 ’

54 2450 70 2486 si
84 2452 127 2501 quid
139 2454 170 2492 ille
184 2456 207 2493 ad
221 2455 256 2494 hoc
271 2454 319 2504 quod
332 2453 370 2502 agit
383 2453 428 2489 utile
442 2451 521 2497 (11111111,
535 2451 566 2488 hic
580 2462 619 2487 non
635 2455 675 2500 erat

55 2507 156 2560 emissurus,
174 2530 210 2565 quo
230 2529 284 2554 nemo
297 2527 383 2563 >uuquam
403 2513 500 2550 studiosius
518 2511 602 2560 Origenis
618 2512 675 2549 libros

54 2569 116 2629 legit-'³
142 2574 196 2624 Legit
205 2577 279 2626 quidem
287 2581 305 2614 et
313 2587 400 2625 perquam
413 2572 492 2616 studiose
497 2588 502 2619 5
508 2614 509 2617 Ἰ
516 2585 547 2619 sex
556 2572 610 2609 etiam
618 2572 675 2623 libros

55 2629 179 2678 Apolcgeticcs
192 2637 352 2685 edidit‚,.magnam
365 2634 421 2671 etiam
432 2636 502 2683 partem
515 2632 557 2670 libri
571 2632 617 2669 sexti
631 2631 675 2669 His-
