1679 2935
311 183 423 211 aururrruu.
644 165 679 213 2'81

62 288 137 330 civitate,
147 284 169 319 dc
178 293 214 329 qua
221 292 241 315 re
250 289 309 324 supra.
336 273 434 310 Salmasius
440 274 511 309 nullam
517 275 630 311 mentionem
638 277 683 311 facit

0 341 6 372 {³
58 350 128 395 patrico,
138 343 170 381 sed
178 337 266 378 convertit
277 337 298 372 in
310 339 390 385 systema
398 334 478 371 virorum
486 334 524 370 vita
534 338 656 383 spectatorum
665 340 684 371 ct

1 397 8 444 s]
63 408 148 451 (luchina,
162 404 214 452 plane
227 401 290 437 contra
304 399 386 433 mentem
400 395 490 443 Origenis
500 399 519 431 ct
532 395 628 433 verborum
642 408 684 433 con-

62 468 186 505 structionem.
211 463 240 499 Tu
250 460 276 497 ita
289 460 355 501 vertas,
368 456 407 493 Nos
420 468 460 493 vcro
473 457 605 504 tracturaeque
614 458 685 494 ctottctc
702 502 703 505 Ἰ
716 456 718 459 ’

63 528 112 564 client
119 528 194 573 systema
203 522 239 558 sive
248 521 310 556 cctam
317 516 384 564 patric
396 516 448 552 verto
459 516 495 552 Det
506 516 608 553 institutam
622 528 686 564 cayno-

62 591 133 631 sccatcs,
144 585 225 632 potentes
236 590 314 615 serraooc
327 579 343 613 et
356 575 394 612 cita
402 589 446 612 scau
454 578 522 612 utentes
531 575 686 623 cclprcafcctmum

62 641 181 684 Ecclcstomm
189 643 310 687 adhortamur.
323 638 376 675 Prius
384 638 457 686 quidem
465 636 531 688 ἄρχειν
539 651 581 675 cum
589 639 686 675 manifeste

62 705 156 756 παρέλαοι,
169 703 189 738 in
202 699 352 748 interpretatione
361 698 418 735 omisi.
446 698 476 736 Sic
490 703 551 736 autem
564 700 626 736 omnia
638 700 686 737 clara

63 771 111 809 sunt,
120 769 138 799 ct
146 775 178 810 per
188 761 234 796 illud
243 758 291 795 tato
299 757 386 804 σύστημα
394 757 481 807 πατρίδος
489 759 536 794 nihil
549 759 598 795 aliud
607 760 686 806 intelligi

63 827 121 872 potest
135 833 188 870 oriam
204 823 261 856 cretus
275 819 361 855 Ecclesiae
376 819 479 855 Gentilium
494 819 571 856 cantibus
586 820 685 867 oppositus

105 883 117 919 d
125 885 143 919 ct
151 880 206 917 verba
214 892 254 928 qum
262 891 305 915 mox
313 881 415 926 sequuntur
423 878 519 915 manifeste
528 878 611 928 probant,
622 878 659 917 Καὶ
670 878 686 916 εἰ

111 956 151 979 verr
164 939 180 977 ol
191 941 254 980 καλῶς’
261 938 349 990 ἄρχοντες
361 938 380 975 ἐν
392 941 414 988 τῇ
427 937 531 990 Ἐκκλησία
541 938 577 977 ὑπὸ
592 942 625 988 τῆς
637 938 687 978 card

63 1005 109 1041 neor
117 1000 208 1052 πατρίδος,
219 1000 267 1048 λέγω
277 999 301 1043 δὲ,
310 1002 342 1048 τῆς
354 999 467 1046 'Eratocles
476 1000 595 1049 e'cherydperou
605 1000 686 1052 ἄρχουσι

63 1062 110 1100 κατὰ
116 1062 139 1100 τα
149 1061 184 1098 ὑπὸ
191 1064 222 1098 τοῦ
231 1062 278 1098 Θεοῦ
286 1059 429 1111 τροτετοιγμέοα.
454 1061 482 1097 Ac
491 1062 512 1106 st,
522 1063 552 1108 pm'
559 1061 600 1097 heac
604 1066 686 1108 placarat

63 1124 151 1169 Ecclesia,
166 1135 178 1157 οι
189 1122 253 1169 patric
268 1121 362 1157 secandum
372 1121 434 1167 Deam,
447 1123 479 1157 hoc
492 1125 524 1167 cst,
537 1122 620 1157 Ecclesia
636 1123 686 1158 ctccti

110 1186 114 1192 '
127 1188 139 1230 t,
144 1183 312 1231 jucta‘prccscm'ptc
321 1183 355 1219 Dei
363 1186 433 1229 repunt:
458 1182 547 1230 Idemque
556 1183 635 1218 maxime
644 1179 695 1219 con-¹

105 1248 135 1280 ant
145 1255 184 1290 quae
193 1255 215 1279 cx
223 1242 288 1279 eodem
297 1243 356 1290 Opere
367 1246 431 1282 contra
440 1242 514 1279 Celsum
523 1242 546 1278 de
554 1242 637 1279 Ecclesia
645 1243 686 1286 Dei,
703 1291 705 1294 Ι
758 1242 760 1244 ’

63 1308 81 1339 ct
89 1304 170 1340 Ecclesia
178 1304 240 1351 populi
248 1303 268 1339 in
277 1303 339 1338 eadem
349 1293 424 1339 civitate*
430 1304 473 1338 aute
482 1302 596 1339 adduximus.

87 1364 115 1399 Ex'
122 1364 151 1399 his
157 1363 272 1410 perspicuum
281 1365 309 1398 est
316 1363 429 1398 Clementem
436 1361 582 1398 Alexandrinum
591 1374 612 1397 ex
623 1361 688 1405 Schola
695 1372 754 1412 summa

110 1437 113 1444 ⁴
140 1423 143 1430 '
163 1426 205 1457 ante
218 1421 333 1458 Demetrium
346 1421 463 1469 Episcopum,
477 1421 596 1470 Episcopatus
609 1423 686 1470 graelum
695 1411 771 1486 ggffiffi

107 1483 192 1530 byteratu
205 1482 315 1529 superiorem
332 1482 355 1518 ab
371 1482 414 1528 ipso⁴
426 1483 514 1529 Apostolo
530 1482 620 1517 derivasse
625 1498 630 1525 ;
645 1483 744 1519 Ori-didere

695 1524 712 1553 Cl
721 1535 761 1554 mens

112 1556 130 1578 m
138 1542 227 1579 Demetrii
236 1542 364 1590 synchronum,
374 1541 451 1578 eundem
460 1541 543 1577 ordinem
553 1555 575 1578 cx
583 1542 631 1589 typis
638 1543 687 1589 lega·
695 1534 781 1591 Aliment-

113 1631 119 1647 ,
129 1615 149 1638 ex
159 1601 211 1637 dictis
221 1602 323 1647 Salvatoris,
333 1615 354 1637 ex
362 1602 457 1649 praeceptis
466 1602 575 1649 Apostolicis
584 1602 686 1649 deduxisse,
694 1610 722 1629 nus
729 1605 743 1629 et
750 1601 781 1629 ort

66 1673 100 1697 nec
116 1674 196 1709 unquam
211 1673 252 1697 cum
266 1661 397 1709 Presbyteratu
410 1661 518 1707 confudisse,
536 1639 781 1710 sestvtpiscopos,iillhiia

66 1711 184 1771 presbyteros,
200 1722 283 1757 diaconos
298 1733 367 1770 semper
381 1733 423 1757 crim
436 1722 509 1771 Ignatio
522 1734 646 1772 numerasse·
659 1723 687 1765 Ut
694 1714 780 1742 Christiana.

67 1786 128 1828 postca
142 1782 223 1818 Isidorus
237 1782 333 1827 Pelusiota,
348 1782 442 1831 presbyter
457 1783 560 1831 Elgyptius,
578 1784 688 1831 Episcopum

68 1839 123 1878 τύπον
136 1842 168 1878 τοῦ
182 1832 264 1891 Χριστοῦ
276 1842 353 1889 appellat
367 1842 398 1878 lib.
407 1843 418 1878 i.
434 1843 492 1891 Epist.
504 1845 545 1889 136,
557 1844 688 1892 Episcopatum

68 1900 100 1947 τὴν
113 1900 144 1940 τοῦ
157 1900 245 1940 τοσούτου
258 1896 317 1951 lipom
334 1901 432 1949 ἀνάβασιν,
447 1903 478 1940 lib.
487 1903 499 1940 i.
515 1904 573 1952 Epist.
584 1905 625 1950 104,
635 1909 653 1941 et
668 1903 689 1941 τὸ

111 1960 226 2008 Ἑπισιιοπῆς
237 1960 267 1998 καὶ
280 1960 337 2008 ὄνομα
349 1961 380 1999 καὶ
392 1965 470 2012 πρᾶγμα
482 1962 529 1999 θεῖον
542 1963 561 2000 ὃν
570 1962 601 1999 καὶ
609 1966 690 2013 κρεῖττον

69 2017 130 2067 πάσης
142 2019 235 2063 πολιτείας
244 2038 264 2060 τε
273 2020 303 2059 cal
312 2020 368 2074 ἀξίοις,
381 2023 413 2060 lib.
419 2024 437 2061 ii.
447 2024 505 2073 Epist.
512 2027 554 2071 125,
568 2031 587 2061 et
597 2038 666 2062 nomen
673 2030 691 2062 et

69 2094 107 2118 rem
121 2084 179 2131 ipsam
193 2085 272 2121 divinam
285 2085 373 2133 agnoscit,
387 2090 442 2133 prout
457 2099 468 2121 a
484 2087 612 2135 presbyteratu
627 2087 691 2123 distin-

70 2141 142 2188 guitur:
154 2144 199 2197 agit
213 2146 263 2181 enim
277 2145 300 2182 de
314 2146 430 2194 Episcopatu,
447 2158 502 2196 quiem
514 2147 583 2184 Ilierax
597 2147 692 2197 presbyter

76 2213 80 2221 ’
106 2204 163 2238 rsavit.
190 2205 235 2240 Haec
249 2205 306 2252 igitur
320 2207 404 2242 doctrina
417 2207 439 2242 de
455 2207 572 2243 institutione
587 2199 692 2254 Apostolica

106 2264 200 2309 scoparum
209 2275 231 2300 cx
243 2268 305 2301 mente
317 2265 391 2314 Christi,
402 2266 424 2303 de
433 2266 490 2314 gradu
499 2279 509 2302 a
517 2256 643 2313 presbyteratu
655 2265 691 2303 dis-

67 2321 128 2356 ·tmcto
139 2320 205 2369 illoque
219 2323 342 2371 eminentiore,
357 2325 415 2374 deque
430 2326 532 2363 obedientia
546 2325 589 2377 ipsis
603 2329 691 2374 tanquam

72 2380 152 2425 patribus
162 2394 172 2415 a
181 2381 253 2420 Christo
262 2386 366 2423 constitutis
375 2387 398 2434 'alr
406 2384 490 2423 omnibus
498 2385 605 2434 praestanda,
615 2387 698 2434 aSjlg«

72 2440 122 2478 natio
131 2444 143 2460 ‘¹
149 2441 172 2477 ad
178 2441 189 2459 ’⁷
199 2444 312 2490 quorundam
324 2447 421 2489 hominum
427 2451 442 2486 .“
446 2447 539 2484 fastidium
547 2452 604 2495 usque
614 2447 692 2497 repetita

61 2504 91 2534 ‘et
103 2500 212 2547 inculcata‚”
226 2504 245 2540 iu
255 2504 474 2558 AlexandrinaEcolesia
486 2509 522 2544 fuit
535 2508 691 2555 receptissimam

74 2558 139 2594 Schola
147 2561 262 2600 Cateehctica
271 2565 418 2615 eximiaquiclem
426 2568 458 2604 illa
466 2571 485 2603 et
493 2567 571 2603 maxime
579 2566 692 2603 memorabili

112 2617 156 2652 nitio
164 2622 261 2668 proposita,
270 2637 281 2659 a
290 2625 383 2663 Clemente
391 2629 468 2675 parcum,
478 2628 500 2663 ab
510 2627 588 2675 Origene
595 2627 618 2663 ad
627 2640 692 2663 eorun-

74 2675 115 2711 dem
123 2677 218 2716 lmmiuum
226 2683 302 2721 fortasse
310 2686 403 2723 fastidium
412 2687 490 2735 repetita
498 2691 516 2723 et
525 2686 625 2724 inculcata:
634 2687 693 2723 forma
