<?xml version="1.0" encoding="UTF-8"?>
<!DOCTYPE html PUBLIC "-//W3C//DTD XHTML 1.0 Transitional//EN"
    "http://www.w3.org/TR/xhtml1/DTD/xhtml1-transitional.dtd">
<html xmlns="http://www.w3.org/1999/xhtml" xml:lang="en" lang="en">
 <head>
  <title>
</title>
<meta http-equiv="Content-Type" content="text/html;charset=utf-8" />
  <meta name='ocr-system' content='tesseract 3.04.00' />
  <meta name='ocr-capabilities' content='ocr_page ocr_carea ocr_par ocr_line ocrx_word'/>
</head>
<body>
  <div class='ocr_page' id='page_1' title='image "MN41843ucmf_1_0060.png"; bbox 0 0 1679 2935; ppageno 0'>
   <div class='ocr_carea' id='block_1_1' title="bbox 125 175 503 218">
    <p class='ocr_par' dir='ltr' id='par_1_1' title="bbox 125 175 503 218">
     <span class='ocr_line' id='line_1_1' title="bbox 125 175 503 218; baseline -0.005 0"><span class='ocrx_word' id='word_1_1' title='bbox 125 183 136 218; x_wconf 83' lang='lat'><strong>6</strong></span> <span class='ocrx_word' id='word_1_2' title='bbox 345 175 347 178; x_wconf 68' lang='grc'>’</span> <span class='ocrx_word' id='word_1_3' title='bbox 366 189 390 218; x_wconf 85' lang='lat' dir='ltr'>no</span> <span class='ocrx_word' id='word_1_4' title='bbox 402 177 503 217; x_wconf 80' lang='lat' dir='ltr'>nncronnu</span> 
     </span>
    </p>
   </div>
   <div class='ocr_carea' id='block_1_2' title="bbox 126 278 761 1485">
    <p class='ocr_par' dir='ltr' id='par_1_2' title="bbox 126 278 751 512">
     <span class='ocr_line' id='line_1_2' title="bbox 126 278 750 328; baseline -0.005 -11"><span class='ocrx_word' id='word_1_5' title='bbox 126 293 166 318; x_wconf 75' lang='lat' dir='ltr'>orm</span> <span class='ocrx_word' id='word_1_6' title='bbox 178 283 265 317; x_wconf 77' lang='lat' dir='ltr'>vocasset.</span> <span class='ocrx_word' id='word_1_7' title='bbox 290 280 331 317; x_wconf 85' lang='lat' dir='ltr'>Nos</span> <span class='ocrx_word' id='word_1_8' title='bbox 342 279 406 316; x_wconf 79' lang='lat' dir='ltr'>abillo</span> <span class='ocrx_word' id='word_1_9' title='bbox 418 279 560 328; x_wconf 78' lang='lat' dir='ltr'>prretermissrnn</span> <span class='ocrx_word' id='word_1_10' title='bbox 572 278 603 314; x_wconf 86' lang='lat' dir='ltr'>hic</span> <span class='ocrx_word' id='word_1_11' title='bbox 616 278 750 315; x_wconf 84' lang='lat' dir='ltr'>discutiendum</span> 
     </span>
     <span class='ocr_line' id='line_1_3' title="bbox 127 339 751 391; baseline -0.005 -13"><span class='ocrx_word' id='word_1_12' title='bbox 127 341 242 391; x_wconf 70' lang='lat' dir='ltr'>putarimus3</span> <span class='ocrx_word' id='word_1_13' title='bbox 261 353 285 377; x_wconf 91' lang='lat' dir='ltr'>ne</span> <span class='ocrx_word' id='word_1_14' title='bbox 302 340 342 389; x_wconf 87' lang='lat' dir='ltr'>quis</span> <span class='ocrx_word' id='word_1_15' title='bbox 355 343 420 388; x_wconf 78' lang='lat' dir='ltr'>postca</span> <span class='ocrx_word' id='word_1_16' title='bbox 435 343 473 377; x_wconf 84' lang='lat' dir='ltr'>tom</span> <span class='ocrx_word' id='word_1_17' title='bbox 489 340 573 388; x_wconf 86' lang='lat' dir='ltr'>ineptum</span> <span class='ocrx_word' id='word_1_18' title='bbox 589 339 664 388; x_wconf 80' lang='lat' dir='ltr'>Ignatio</span> <span class='ocrx_word' id='word_1_19' title='bbox 678 352 751 384; x_wconf 83' lang='lat' dir='ltr'>sonsum</span> 
     </span>
     <span class='ocr_line' id='line_1_4' title="bbox 130 399 751 452; baseline -0.006 -11"><span class='ocrx_word' id='word_1_20' title='bbox 130 404 210 452; x_wconf 76' lang='lat' dir='ltr'>affingat,</span> <span class='ocrx_word' id='word_1_21' title='bbox 226 405 258 440; x_wconf 81' lang='lat' dir='ltr'>out</span> <span class='ocrx_word' id='word_1_22' title='bbox 273 415 294 440; x_wconf 81' lang='lat' dir='ltr'>ex</span> <span class='ocrx_word' id='word_1_23' title='bbox 310 402 342 439; x_wconf 93' lang='grc'><strong>1116</strong></span> <span class='ocrx_word' id='word_1_24' title='bbox 359 405 398 439; x_wconf 82' lang='lat' dir='ltr'>tom</span> <span class='ocrx_word' id='word_1_25' title='bbox 412 401 478 439; x_wconf 82' lang='lat' dir='ltr'>falsum</span> <span class='ocrx_word' id='word_1_26' title='bbox 495 403 513 438; x_wconf 85' lang='grc'>61</span> <span class='ocrx_word' id='word_1_27' title='bbox 528 399 614 438; x_wconf 69' lang='lat' dir='ltr'>Ecclesire</span> <span class='ocrx_word' id='word_1_28' title='bbox 630 399 751 449; x_wconf 87' lang='lat' dir='ltr'>perniciosum</span> 
     </span>
     <span class='ocr_line' id='line_1_5' title="bbox 131 463 289 512; baseline -0.019 -11"><span class='ocrx_word' id='word_1_29' title='bbox 131 465 198 512; x_wconf 78' lang='lat' dir='ltr'>dogma</span> <span class='ocrx_word' id='word_1_30' title='bbox 206 463 289 499; x_wconf 78' lang='lat' dir='ltr'>deducat.</span> 
     </span>
    </p>

    <p class='ocr_par' dir='ltr' id='par_1_3' title="bbox 132 519 761 1485">
     <span class='ocr_line' id='line_1_6' title="bbox 158 519 753 575; baseline -0.007 -14"><span class='ocrx_word' id='word_1_31' title='bbox 158 525 179 561; x_wconf 80' lang='lat' dir='ltr'>Si</span> <span class='ocrx_word' id='word_1_32' title='bbox 187 523 236 561; x_wconf 90' lang='lat' dir='ltr'>enim</span> <span class='ocrx_word' id='word_1_33' title='bbox 248 523 376 561; x_wconf 73' lang='lat' dir='ltr'>concederetur</span> <span class='ocrx_word' id='word_1_34' title='bbox 385 526 403 560; x_wconf 91' lang='lat' dir='ltr'>ct</span> <span class='ocrx_word' id='word_1_35' title='bbox 412 523 511 560; x_wconf 72' lang='lat' dir='ltr'>Auctorem</span> <span class='ocrx_word' id='word_1_36' title='bbox 520 521 606 575; x_wconf 83' lang='lat' dir='ltr'>Epistolae</span> <span class='ocrx_word' id='word_1_37' title='bbox 617 521 639 558; x_wconf 85' lang='lat' dir='ltr'>od</span> <span class='ocrx_word' id='word_1_38' title='bbox 648 519 753 569; x_wconf 76' lang='lat' dir='ltr'>Magnesios</span> 
     </span>
     <span class='ocr_line' id='line_1_7' title="bbox 132 581 754 635; baseline -0.008 -11"><span class='ocrx_word' id='word_1_39' title='bbox 132 587 254 635; x_wconf 86' lang='lat' dir='ltr'>Impostorem</span> <span class='ocrx_word' id='word_1_40' title='bbox 270 581 331 631; x_wconf 81' lang='lat' dir='ltr'>fuisse,</span> <span class='ocrx_word' id='word_1_41' title='bbox 348 587 366 622; x_wconf 87' lang='lat' dir='ltr'>et</span> <span class='ocrx_word' id='word_1_42' title='bbox 382 583 512 635; x_wconf 75' lang='lat' dir='ltr'>Episcopatum</span> <span class='ocrx_word' id='word_1_43' title='bbox 525 585 610 622; x_wconf 80' lang='lat' dir='ltr'>oooolloot</span> <span class='ocrx_word' id='word_1_44' title='bbox 626 583 754 621; x_wconf 73' lang='lat' dir='ltr'>irzctdotloooot</span> 
     </span>
     <span class='ocr_line' id='line_1_8' title="bbox 132 644 754 694; baseline -0.008 -8"><span class='ocrx_word' id='word_1_45' title='bbox 132 661 204 686; x_wconf 76' lang='lat' dir='ltr'>vocasse</span> <span class='ocrx_word' id='word_1_46' title='bbox 209 662 214 693; x_wconf 68' lang='grc' dir='ltr'><strong><em>ς</em></strong></span> <span class='ocrx_word' id='word_1_47' title='bbox 228 648 279 684; x_wconf 83' lang='lat' dir='ltr'>nullo</span> <span class='ocrx_word' id='word_1_48' title='bbox 295 647 350 684; x_wconf 86' lang='lat' dir='ltr'>modo</span> <span class='ocrx_word' id='word_1_49' title='bbox 366 647 485 684; x_wconf 80' lang='lat' dir='ltr'>manifestum</span> <span class='ocrx_word' id='word_1_50' title='bbox 502 650 554 694; x_wconf 82' lang='lat' dir='ltr'>esset,</span> <span class='ocrx_word' id='word_1_51' title='bbox 567 646 717 691; x_wconf 85' lang='lat' dir='ltr'>constitutionem</span> <span class='ocrx_word' id='word_1_52' title='bbox 731 644 754 681; x_wconf 89' lang='lat' dir='ltr'>de</span> 
     </span>
     <span class='ocr_line' id='line_1_9' title="bbox 132 705 753 756; baseline -0.003 -11"><span class='ocrx_word' id='word_1_53' title='bbox 132 709 218 756; x_wconf 80' lang='lat' dir='ltr'>Episcopi</span> <span class='ocrx_word' id='word_1_54' title='bbox 226 709 333 743; x_wconf 76' lang='lat' dir='ltr'>auctoritate</span> <span class='ocrx_word' id='word_1_55' title='bbox 346 712 387 755; x_wconf 87' lang='lat' dir='ltr'>post</span> <span class='ocrx_word' id='word_1_56' title='bbox 400 720 469 743; x_wconf 83' lang='lat' dir='ltr'>annum</span> <span class='ocrx_word' id='word_1_57' title='bbox 478 720 489 743; x_wconf 86' lang='grc'>6</span> <span class='ocrx_word' id='word_1_58' title='bbox 498 708 567 743; x_wconf 87' lang='lat' dir='ltr'>Christi</span> <span class='ocrx_word' id='word_1_59' title='bbox 574 707 706 744; x_wconf 86' lang='lat' dir='ltr'>resurrectione</span> <span class='ocrx_word' id='word_1_60' title='bbox 715 705 753 743; x_wconf 77' lang='lat' dir='ltr'>CL.</span> 
     </span>
     <span class='ocr_line' id='line_1_10' title="bbox 133 767 755 815; baseline -0.005 -9"><span class='ocrx_word' id='word_1_61' title='bbox 133 771 200 806; x_wconf 81' lang='lat' dir='ltr'>fuctum</span> <span class='ocrx_word' id='word_1_62' title='bbox 212 768 273 803; x_wconf 83' lang='lat' dir='ltr'>luisse.</span> <span class='ocrx_word' id='word_1_63' title='bbox 299 767 349 803; x_wconf 84' lang='lat' dir='ltr'>Num</span> <span class='ocrx_word' id='word_1_64' title='bbox 362 767 426 814; x_wconf 82' lang='lat' dir='ltr'>primo,</span> <span class='ocrx_word' id='word_1_65' title='bbox 437 768 453 803; x_wconf 89' lang='lat' dir='ltr'>si</span> <span class='ocrx_word' id='word_1_66' title='bbox 464 767 555 815; x_wconf 88' lang='lat' dir='ltr'>Impostor</span> <span class='ocrx_word' id='word_1_67' title='bbox 569 771 621 813; x_wconf 86' lang='lat' dir='ltr'>esset,</span> <span class='ocrx_word' id='word_1_68' title='bbox 630 781 668 804; x_wconf 84' lang='lat' dir='ltr'>non</span> <span class='ocrx_word' id='word_1_69' title='bbox 681 780 755 804; x_wconf 87' lang='lat' dir='ltr'>necesse</span> 
     </span>
     <span class='ocr_line' id='line_1_11' title="bbox 133 828 755 877; baseline -0.003 -9"><span class='ocrx_word' id='word_1_70' title='bbox 133 832 190 868; x_wconf 84' lang='lat' dir='ltr'>estut</span> <span class='ocrx_word' id='word_1_71' title='bbox 199 828 220 865; x_wconf 79' lang='lat' dir='ltr'>clo</span> <span class='ocrx_word' id='word_1_72' title='bbox 226 841 257 865; x_wconf 83' lang='lat' dir='ltr'>sco</span> <span class='ocrx_word' id='word_1_73' title='bbox 265 831 341 876; x_wconf 77' lang='lat' dir='ltr'>tompore</span> <span class='ocrx_word' id='word_1_74' title='bbox 349 828 463 877; x_wconf 86' lang='lat' dir='ltr'>loqueretur:</span> <span class='ocrx_word' id='word_1_75' title='bbox 476 829 584 877; x_wconf 83' lang='lat' dir='ltr'>fingendum</span> <span class='ocrx_word' id='word_1_76' title='bbox 593 830 643 867; x_wconf 86' lang='lat' dir='ltr'>enim</span> <span class='ocrx_word' id='word_1_77' title='bbox 651 829 685 867; x_wconf 89' lang='lat' dir='ltr'>sihi</span> <span class='ocrx_word' id='word_1_78' title='bbox 694 841 755 877; x_wconf 86' lang='lat' dir='ltr'>sump-</span> 
     </span>
     <span class='ocr_line' id='line_1_12' title="bbox 133 888 756 937; baseline -0.003 -9"><span class='ocrx_word' id='word_1_79' title='bbox 133 892 176 928; x_wconf 83' lang='lat' dir='ltr'>sisse</span> <span class='ocrx_word' id='word_1_80' title='bbox 185 889 272 926; x_wconf 86' lang='lat' dir='ltr'>diccndus</span> <span class='ocrx_word' id='word_1_81' title='bbox 285 891 333 925; x_wconf 87' lang='lat' dir='ltr'>osset</span> <span class='ocrx_word' id='word_1_82' title='bbox 344 892 424 925; x_wconf 83' lang='lat' dir='ltr'>veterem</span> <span class='ocrx_word' id='word_1_83' title='bbox 433 891 451 924; x_wconf 88' lang='lat' dir='ltr'>ct</span> <span class='ocrx_word' id='word_1_84' title='bbox 459 888 585 936; x_wconf 87' lang='lat' dir='ltr'>Apostolicum</span> <span class='ocrx_word' id='word_1_85' title='bbox 593 891 666 935; x_wconf 81' lang='lat' dir='ltr'>Virum,</span> <span class='ocrx_word' id='word_1_86' title='bbox 675 891 698 927; x_wconf 76' lang='lat' dir='ltr'>ab</span> <span class='ocrx_word' id='word_1_87' title='bbox 706 890 756 937; x_wconf 88' lang='lat' dir='ltr'>Apo-</span> 
     </span>
     <span class='ocr_line' id='line_1_13' title="bbox 133 948 757 998; baseline -0.002 -11"><span class='ocrx_word' id='word_1_88' title='bbox 133 949 183 988; x_wconf 88' lang='lat' dir='ltr'>stolis</span> <span class='ocrx_word' id='word_1_89' title='bbox 192 949 297 986; x_wconf 83' lang='lat' dir='ltr'>ordinatum</span> <span class='ocrx_word' id='word_1_90' title='bbox 304 948 421 996; x_wconf 77' lang='lat' dir='ltr'>Episcopum,</span> <span class='ocrx_word' id='word_1_91' title='bbox 427 950 446 984; x_wconf 91' lang='lat' dir='ltr'>et</span> <span class='ocrx_word' id='word_1_92' title='bbox 452 948 507 996; x_wconf 82' lang='lat' dir='ltr'>poulo</span> <span class='ocrx_word' id='word_1_93' title='bbox 515 952 556 997; x_wconf 85' lang='lat' dir='ltr'>post</span> <span class='ocrx_word' id='word_1_94' title='bbox 564 949 582 985; x_wconf 82' lang='lat' dir='ltr'>S.</span> <span class='ocrx_word' id='word_1_95' title='bbox 590 949 602 985; x_wconf 88' lang='lat' dir='ltr'><strong>J</strong></span> <span class='ocrx_word' id='word_1_96' title='bbox 602 949 666 986; x_wconf 82' lang='lat' dir='ltr'>oannis</span> <span class='ocrx_word' id='word_1_97' title='bbox 673 949 757 998; x_wconf 83' lang='lat' dir='ltr'>Apostoli</span> 
     </span>
     <span class='ocr_line' id='line_1_14' title="bbox 134 1007 757 1059; baseline -0.002 -10"><span class='ocrx_word' id='word_1_98' title='bbox 134 1011 205 1049; x_wconf 84' lang='lat' dir='ltr'>obitum</span> <span class='ocrx_word' id='word_1_99' title='bbox 221 1009 309 1059; x_wconf 79' lang='lat' dir='ltr'>martyrio</span> <span class='ocrx_word' id='word_1_100' title='bbox 326 1011 439 1046; x_wconf 82' lang='lat' dir='ltr'>coronatum.</span> <span class='ocrx_word' id='word_1_101' title='bbox 472 1007 527 1047; x_wconf 75' lang='lat' dir='ltr'>uuor</span> <span class='ocrx_word' id='word_1_102' title='bbox 542 1008 558 1046; x_wconf 91' lang='lat' dir='ltr'>si</span> <span class='ocrx_word' id='word_1_103' title='bbox 574 1009 695 1059; x_wconf 70' lang='lat' dir='ltr'>impostorem</span> <span class='ocrx_word' id='word_1_104' title='bbox 709 1010 757 1048; x_wconf 87' lang='lat' dir='ltr'>benc</span> 
     </span>
     <span class='ocr_line' id='line_1_15' title="bbox 135 1070 758 1122; baseline -0.003 -12"><span class='ocrx_word' id='word_1_105' title='bbox 135 1076 202 1122; x_wconf 81' lang='lat' dir='ltr'>ageret,</span> <span class='ocrx_word' id='word_1_106' title='bbox 216 1073 240 1108; x_wconf 84' lang='lat' dir='ltr'>ud</span> <span class='ocrx_word' id='word_1_107' title='bbox 254 1084 294 1108; x_wconf 85' lang='lat' dir='ltr'>eum</span> <span class='ocrx_word' id='word_1_108' title='bbox 307 1074 381 1107; x_wconf 81' lang='lat' dir='ltr'>aetutenr</span> <span class='ocrx_word' id='word_1_109' title='bbox 397 1070 458 1107; x_wconf 83' lang='lat' dir='ltr'>omniu</span> <span class='ocrx_word' id='word_1_110' title='bbox 474 1070 542 1107; x_wconf 82' lang='lat' dir='ltr'>referre</span> <span class='ocrx_word' id='word_1_111' title='bbox 559 1071 627 1117; x_wconf 84' lang='lat' dir='ltr'>debuit,</span> <span class='ocrx_word' id='word_1_112' title='bbox 643 1075 662 1108; x_wconf 92' lang='lat' dir='ltr'>et</span> <span class='ocrx_word' id='word_1_113' title='bbox 675 1071 698 1108; x_wconf 85' lang='lat' dir='ltr'>ad</span> <span class='ocrx_word' id='word_1_114' title='bbox 711 1071 758 1109; x_wconf 89' lang='lat' dir='ltr'>illud</span> 
     </span>
     <span class='ocr_line' id='line_1_16' title="bbox 135 1132 758 1181; baseline -0.002 -9"><span class='ocrx_word' id='word_1_115' title='bbox 135 1134 222 1173; x_wconf 74' lang='grc'><strong>6666611161</strong></span> <span class='ocrx_word' id='word_1_116' title='bbox 234 1133 274 1170; x_wconf 81' lang='lat' dir='ltr'>hoec</span> <span class='ocrx_word' id='word_1_117' title='bbox 287 1133 326 1181; x_wconf 83' lang='lat' dir='ltr'>ipsu</span> <span class='ocrx_word' id='word_1_118' title='bbox 340 1145 383 1169; x_wconf 87' lang='lat' dir='ltr'>cum</span> <span class='ocrx_word' id='word_1_119' title='bbox 396 1144 434 1168; x_wconf 89' lang='lat' dir='ltr'>non</span> <span class='ocrx_word' id='word_1_120' title='bbox 449 1133 534 1169; x_wconf 85' lang='lat' dir='ltr'>retulisse</span> <span class='ocrx_word' id='word_1_121' title='bbox 550 1132 623 1180; x_wconf 81' lang='lat' dir='ltr'>probari</span> <span class='ocrx_word' id='word_1_122' title='bbox 638 1133 690 1171; x_wconf 86' lang='lat' dir='ltr'>nullo</span> <span class='ocrx_word' id='word_1_123' title='bbox 704 1134 758 1171; x_wconf 89' lang='lat' dir='ltr'>modo</span> 
     </span>
     <span class='ocr_line' id='line_1_17' title="bbox 136 1192 758 1245; baseline -0.002 -13"><span class='ocrx_word' id='word_1_124' title='bbox 136 1199 201 1245; x_wconf 86' lang='lat' dir='ltr'>potest.</span> <span class='ocrx_word' id='word_1_125' title='bbox 218 1193 271 1231; x_wconf 86' lang='lat' dir='ltr'>Nihil</span> <span class='ocrx_word' id='word_1_126' title='bbox 279 1193 335 1242; x_wconf 77' lang='lat' dir='ltr'>igitur</span> <span class='ocrx_word' id='word_1_127' title='bbox 344 1192 393 1230; x_wconf 81' lang='lat' dir='ltr'>uliud</span> <span class='ocrx_word' id='word_1_128' title='bbox 401 1205 424 1229; x_wconf 82' lang='lat' dir='ltr'>en</span> <span class='ocrx_word' id='word_1_129' title='bbox 433 1192 499 1241; x_wconf 77' lang='lat' dir='ltr'>duplici</span> <span class='ocrx_word' id='word_1_130' title='bbox 506 1193 538 1230; x_wconf 82' lang='lat' dir='ltr'>illu</span> <span class='ocrx_word' id='word_1_131' title='bbox 547 1194 663 1231; x_wconf 84' lang='lat' dir='ltr'>concessione</span> <span class='ocrx_word' id='word_1_132' title='bbox 671 1195 758 1243; x_wconf 81' lang='lat' dir='ltr'>sequitur,</span> 
     </span>
     <span class='ocr_line' id='line_1_18' title="bbox 138 1253 759 1306; baseline -0.002 -13"><span class='ocrx_word' id='word_1_133' title='bbox 138 1268 192 1306; x_wconf 77' lang='lat' dir='ltr'>qirom</span> <span class='ocrx_word' id='word_1_134' title='bbox 204 1255 253 1303; x_wconf 81' lang='lat' dir='ltr'>quod</span> <span class='ocrx_word' id='word_1_135' title='bbox 265 1267 287 1291; x_wconf 78' lang='lat' dir='ltr'>eu</span> <span class='ocrx_word' id='word_1_136' title='bbox 299 1254 407 1302; x_wconf 71' lang='lat' dir='ltr'>impostoris</span> <span class='ocrx_word' id='word_1_137' title='bbox 418 1253 509 1291; x_wconf 84' lang='lat' dir='ltr'>sententia</span> <span class='ocrx_word' id='word_1_138' title='bbox 520 1254 646 1302; x_wconf 78' lang='lat' dir='ltr'>Episcopatus,</span> <span class='ocrx_word' id='word_1_139' title='bbox 655 1258 676 1292; x_wconf 91' lang='lat' dir='ltr'>ut</span> <span class='ocrx_word' id='word_1_140' title='bbox 684 1255 759 1304; x_wconf 83' lang='lat' dir='ltr'>preshy-</span> 
     </span>
     <span class='ocr_line' id='line_1_19' title="bbox 136 1314 759 1364; baseline -0.002 -11"><span class='ocrx_word' id='word_1_141' title='bbox 136 1319 198 1354; x_wconf 82' lang='lat' dir='ltr'>tcratu</span> <span class='ocrx_word' id='word_1_142' title='bbox 206 1315 287 1364; x_wconf 85' lang='lat' dir='ltr'>superior</span> <span class='ocrx_word' id='word_1_143' title='bbox 296 1319 329 1360; x_wconf 87' lang='lat' dir='ltr'>est,</span> <span class='ocrx_word' id='word_1_144' title='bbox 335 1319 381 1351; x_wconf 91' lang='lat' dir='ltr'>tunc</span> <span class='ocrx_word' id='word_1_145' title='bbox 389 1315 457 1351; x_wconf 84' lang='lat' dir='ltr'>ooocllo</span> <span class='ocrx_word' id='word_1_146' title='bbox 466 1314 554 1351; x_wconf 72' lang='lat' dir='ltr'>Institutio</span> <span class='ocrx_word' id='word_1_147' title='bbox 563 1314 623 1361; x_wconf 78' lang='lat' dir='ltr'>luerit,</span> <span class='ocrx_word' id='word_1_148' title='bbox 630 1328 672 1352; x_wconf 86' lang='lat' dir='ltr'>cum</span> <span class='ocrx_word' id='word_1_149' title='bbox 679 1316 697 1352; x_wconf 78' lang='lat' dir='ltr'>S,</span> <span class='ocrx_word' id='word_1_150' title='bbox 704 1315 759 1364; x_wconf 83' lang='lat' dir='ltr'>Igna-</span> 
     </span>
     <span class='ocr_line' id='line_1_20' title="bbox 137 1370 760 1424; baseline -0.002 -10"><span class='ocrx_word' id='word_1_151' title='bbox 137 1378 174 1414; x_wconf 89' lang='lat' dir='ltr'>tius</span> <span class='ocrx_word' id='word_1_152' title='bbox 183 1376 206 1412; x_wconf 81' lang='lat' dir='ltr'>ud</span> <span class='ocrx_word' id='word_1_153' title='bbox 214 1376 323 1424; x_wconf 74' lang='lat' dir='ltr'>martyrium</span> <span class='ocrx_word' id='word_1_154' title='bbox 331 1387 363 1423; x_wconf 90' lang='lat' dir='ltr'>per</span> <span class='ocrx_word' id='word_1_155' title='bbox 371 1370 436 1411; x_wconf 81' lang='lat' dir='ltr'>Asiam</span> <span class='ocrx_word' id='word_1_156' title='bbox 444 1375 546 1412; x_wconf 87' lang='lat' dir='ltr'>duceretur.</span> <span class='ocrx_word' id='word_1_157' title='bbox 572 1376 614 1412; x_wconf 87' lang='lat' dir='ltr'>Hoc</span> <span class='ocrx_word' id='word_1_158' title='bbox 622 1379 683 1413; x_wconf 79' lang='lat' dir='ltr'>autem</span> <span class='ocrx_word' id='word_1_159' title='bbox 691 1376 760 1413; x_wconf 82' lang='lat' dir='ltr'>facturn</span> 
     </span>
     <span class='ocr_line' id='line_1_21' title="bbox 139 1435 761 1485; baseline 0 -10"><span class='ocrx_word' id='word_1_160' title='bbox 139 1441 167 1476; x_wconf 85' lang='lat' dir='ltr'>cst</span> <span class='ocrx_word' id='word_1_161' title='bbox 179 1436 229 1474; x_wconf 83' lang='lat' dir='ltr'>intra</span> <span class='ocrx_word' id='word_1_162' title='bbox 243 1435 320 1474; x_wconf 79' lang='lat' dir='ltr'><strong>LXXV.</strong></span> <span class='ocrx_word' id='word_1_163' title='bbox 334 1448 390 1473; x_wconf 81' lang='lat' dir='ltr'>annos</span> <span class='ocrx_word' id='word_1_164' title='bbox 404 1438 446 1485; x_wconf 88' lang='lat' dir='ltr'>post</span> <span class='ocrx_word' id='word_1_165' title='bbox 459 1435 610 1474; x_wconf 86' lang='lat' dir='ltr'>resurrectionem</span> <span class='ocrx_word' id='word_1_166' title='bbox 624 1436 697 1484; x_wconf 80' lang='lat' dir='ltr'>Christi,</span> <span class='ocrx_word' id='word_1_167' title='bbox 711 1437 761 1475; x_wconf 85' lang='lat' dir='ltr'>intro</span> 
     </span>
    </p>
   </div>
   <div class='ocr_carea' id='block_1_3' title="bbox 47 1498 763 1731">
    <p class='ocr_par' dir='ltr' id='par_1_4' title="bbox 47 1498 763 1731">
     <span class='ocr_line' id='line_1_22' title="bbox 138 1498 761 1548; baseline 0 -11"><span class='ocrx_word' id='word_1_168' title='bbox 138 1499 195 1537; x_wconf 83' lang='lat' dir='ltr'>VIII.</span> <span class='ocrx_word' id='word_1_169' title='bbox 208 1501 249 1547; x_wconf 90' lang='lat' dir='ltr'>post</span> <span class='ocrx_word' id='word_1_170' title='bbox 264 1501 342 1535; x_wconf 89' lang='lat' dir='ltr'>mortem</span> <span class='ocrx_word' id='word_1_171' title='bbox 358 1498 376 1535; x_wconf 78' lang='lat' dir='ltr'>S.</span> <span class='ocrx_word' id='word_1_172' title='bbox 386 1498 462 1535; x_wconf 78' lang='lat' dir='ltr'>loannis</span> <span class='ocrx_word' id='word_1_173' title='bbox 470 1498 564 1547; x_wconf 70' lang='lat' dir='ltr'>Apostoli,</span> <span class='ocrx_word' id='word_1_174' title='bbox 578 1501 599 1535; x_wconf 91' lang='lat' dir='ltr'>nt</span> <span class='ocrx_word' id='word_1_175' title='bbox 611 1498 730 1548; x_wconf 74' lang='lat' dir='ltr'>Episcopatus</span> <span class='ocrx_word' id='word_1_176' title='bbox 743 1503 761 1537; x_wconf 89' lang='lat' dir='ltr'>et</span> 
     </span>
     <span class='ocr_line' id='line_1_23' title="bbox 139 1558 760 1607; baseline 0 -11"><span class='ocrx_word' id='word_1_177' title='bbox 139 1560 207 1596; x_wconf 85' lang='lat' dir='ltr'>oooollo</span> <span class='ocrx_word' id='word_1_178' title='bbox 223 1559 312 1595; x_wconf 79' lang='lat' dir='ltr'>institutio</span> <span class='ocrx_word' id='word_1_179' title='bbox 326 1558 367 1603; x_wconf 78' lang='lat' dir='ltr'>dici,</span> <span class='ocrx_word' id='word_1_180' title='bbox 381 1562 399 1594; x_wconf 91' lang='lat' dir='ltr'>et</span> <span class='ocrx_word' id='word_1_181' title='bbox 415 1562 478 1595; x_wconf 84' lang='lat' dir='ltr'>tamen</span> <span class='ocrx_word' id='word_1_182' title='bbox 491 1559 607 1607; x_wconf 89' lang='lat' dir='ltr'>Apostolicus</span> <span class='ocrx_word' id='word_1_183' title='bbox 621 1571 660 1595; x_wconf 90' lang='lat' dir='ltr'>esse</span> <span class='ocrx_word' id='word_1_184' title='bbox 675 1559 760 1607; x_wconf 66' lang='lat' dir='ltr'>potuerit,</span> 
     </span>
     <span class='ocr_line' id='line_1_24' title="bbox 140 1618 761 1667; baseline -0.002 -10"><span class='ocrx_word' id='word_1_185' title='bbox 140 1620 178 1657; x_wconf 80' lang='lat' dir='ltr'>Sub</span> <span class='ocrx_word' id='word_1_186' title='bbox 185 1620 280 1657; x_wconf 85' lang='lat' dir='ltr'>Antonino</span> <span class='ocrx_word' id='word_1_187' title='bbox 289 1619 399 1657; x_wconf 80' lang='lat' dir='ltr'>velArnelio</span> <span class='ocrx_word' id='word_1_188' title='bbox 407 1618 472 1656; x_wconf 83' lang='lat' dir='ltr'>vixisse</span> <span class='ocrx_word' id='word_1_189' title='bbox 481 1620 603 1667; x_wconf 87' lang='lat' dir='ltr'>Impostorem</span> <span class='ocrx_word' id='word_1_190' title='bbox 612 1632 665 1656; x_wconf 85' lang='lat' dir='ltr'>sunm</span> <span class='ocrx_word' id='word_1_191' title='bbox 673 1620 712 1657; x_wconf 90' lang='lat' dir='ltr'>vult</span> <span class='ocrx_word' id='word_1_192' title='bbox 722 1620 761 1656; x_wconf 82' lang='lat' dir='ltr'>Sol-</span> 
     </span>
     <span class='ocr_line' id='line_1_25' title="bbox 47 1678 763 1731; baseline -0.01 -9"><span class='ocrx_word' id='word_1_193' title='bbox 47 1693 114 1722; x_wconf 74' lang='lat' dir='ltr'>Sahnasii</span> <span class='ocrx_word' id='word_1_194' title='bbox 139 1679 212 1725; x_wconf 71' lang='lat' dir='ltr'>mosius</span> <span class='ocrx_word' id='word_1_195' title='bbox 220 1680 271 1716; x_wconf 87' lang='lat' dir='ltr'>unde</span> <span class='ocrx_word' id='word_1_196' title='bbox 285 1692 318 1728; x_wconf 85' lang='lat' dir='ltr'>pro</span> <span class='ocrx_word' id='word_1_197' title='bbox 331 1691 382 1716; x_wconf 87' lang='lat' dir='ltr'>ruore</span> <span class='ocrx_word' id='word_1_198' title='bbox 396 1692 428 1716; x_wconf 91' lang='lat' dir='ltr'>suo</span> <span class='ocrx_word' id='word_1_199' title='bbox 442 1679 540 1731; x_wconf 85' lang='lat' dir='ltr'>concludit,</span> <span class='ocrx_word' id='word_1_200' title='bbox 549 1678 577 1715; x_wconf 88' lang='lat' dir='ltr'>Eo</span> <span class='ocrx_word' id='word_1_201' title='bbox 590 1680 652 1731; x_wconf 73' lang='lat' dir='ltr'>soczrlo</span> <span class='ocrx_word' id='word_1_202' title='bbox 662 1680 724 1727; x_wconf 82' lang='lat' dir='ltr'>poloro</span> <span class='ocrx_word' id='word_1_203' title='bbox 736 1683 763 1716; x_wconf 81' lang='lat' dir='ltr'>ost</span> 
     </span>
    </p>
   </div>
   <div class='ocr_carea' id='block_1_4' title="bbox 47 1731 762 1799">
    <p class='ocr_par' dir='ltr' id='par_1_5' title="bbox 47 1731 762 1799">
     <span class='ocr_line' id='line_1_26' title="bbox 47 1731 762 1799; baseline -0.001 -22"><span class='ocrx_word' id='word_1_204' title='bbox 47 1731 121 1799; x_wconf 49' lang='lat' dir='ltr'>{ffig‘ffil</span> <span class='ocrx_word' id='word_1_205' title='bbox 139 1738 246 1790; x_wconf 69' lang='grc' dir='ltr'>νεωτερικήν</span> <span class='ocrx_word' id='word_1_206' title='bbox 259 1741 309 1776; x_wconf 82' lang='lat' dir='ltr'>illoor</span> <span class='ocrx_word' id='word_1_207' title='bbox 321 1738 373 1787; x_wconf 78' lang='grc' dir='ltr'>τάξιν</span> <span class='ocrx_word' id='word_1_208' title='bbox 384 1740 471 1787; x_wconf 76' lang='lat' dir='ltr'>Episcopi</span> <span class='ocrx_word' id='word_1_209' title='bbox 482 1751 536 1787; x_wconf 76' lang='lat' dir='ltr'>supro</span> <span class='ocrx_word' id='word_1_210' title='bbox 546 1740 660 1789; x_wconf 74' lang='lat' dir='ltr'>presbyteros</span> <span class='ocrx_word' id='word_1_211' title='bbox 672 1740 762 1777; x_wconf 78' lang='lat' dir='ltr'>introduc-</span> 
     </span>
    </p>
   </div>
   <div class='ocr_carea' id='block_1_5' title="bbox 47 1794 768 2702">
    <p class='ocr_par' dir='ltr' id='par_1_6' title="bbox 47 1794 768 2702">
     <span class='ocr_line' id='line_1_27' title="bbox 47 1794 763 1849; baseline 0.001 -12"><span class='ocrx_word' id='word_1_212' title='bbox 47 1811 100 1838; x_wconf 78' lang='lat' dir='ltr'>mento.</span> <span class='ocrx_word' id='word_1_213' title='bbox 133 1805 255 1848; x_wconf 64' lang='grc'><strong>1161666611</strong></span> <span class='ocrx_word' id='word_1_214' title='bbox 268 1794 290 1839; x_wconf 77' lang='lat' dir='ltr'>eo</span> <span class='ocrx_word' id='word_1_215' title='bbox 300 1802 334 1839; x_wconf 80' lang='lat' dir='ltr'>doc</span> <span class='ocrx_word' id='word_1_216' title='bbox 346 1801 430 1849; x_wconf 78' lang='lat' dir='ltr'>Epistola</span> <span class='ocrx_word' id='word_1_217' title='bbox 441 1802 477 1838; x_wconf 83' lang='lat' dir='ltr'>sole</span> <span class='ocrx_word' id='word_1_218' title='bbox 490 1802 556 1838; x_wconf 81' lang='lat' dir='ltr'>clorc&#39;os</span> <span class='ocrx_word' id='word_1_219' title='bbox 569 1801 640 1838; x_wconf 76' lang='lat' dir='ltr'>dilucet.</span> <span class='ocrx_word' id='word_1_220' title='bbox 665 1801 691 1838; x_wconf 77' lang='lat' dir='ltr'>At</span> <span class='ocrx_word' id='word_1_221' title='bbox 700 1802 716 1837; x_wconf 87' lang='lat' dir='ltr'>si</span> <span class='ocrx_word' id='word_1_222' title='bbox 724 1800 763 1838; x_wconf 79' lang='lat' dir='ltr'>lm-</span> 
     </span>
     <span class='ocr_line' id='line_1_28' title="bbox 140 1861 764 1913; baseline -0.002 -13"><span class='ocrx_word' id='word_1_223' title='bbox 140 1868 201 1913; x_wconf 89' lang='lat' dir='ltr'>postor</span> <span class='ocrx_word' id='word_1_224' title='bbox 214 1864 245 1899; x_wconf 90' lang='lat' dir='ltr'>ille</span> <span class='ocrx_word' id='word_1_225' title='bbox 256 1863 288 1900; x_wconf 87' lang='lat' dir='ltr'>sub</span> <span class='ocrx_word' id='word_1_226' title='bbox 298 1864 333 1900; x_wconf 88' lang='lat' dir='ltr'>hoo</span> <span class='ocrx_word' id='word_1_227' title='bbox 341 1863 370 1900; x_wconf 89' lang='lat' dir='ltr'>vel</span> <span class='ocrx_word' id='word_1_228' title='bbox 378 1862 409 1899; x_wconf 91' lang='lat' dir='ltr'>illo</span> <span class='ocrx_word' id='word_1_229' title='bbox 418 1862 531 1909; x_wconf 79' lang='lat' dir='ltr'>Imperatore</span> <span class='ocrx_word' id='word_1_230' title='bbox 542 1861 612 1908; x_wconf 78' lang='lat' dir='ltr'>vixerit,</span> <span class='ocrx_word' id='word_1_231' title='bbox 618 1863 680 1909; x_wconf 77' lang='lat' dir='ltr'>polam</span> <span class='ocrx_word' id='word_1_232' title='bbox 691 1866 764 1899; x_wconf 81' lang='lat' dir='ltr'>nonest</span> 
     </span>
     <span class='ocr_line' id='line_1_29' title="bbox 142 1922 765 1974; baseline -0.002 -12"><span class='ocrx_word' id='word_1_233' title='bbox 142 1923 247 1974; x_wconf 70' lang='lat' dir='ltr'>oeorepoodo</span> <span class='ocrx_word' id='word_1_234' title='bbox 255 1922 308 1970; x_wconf 78' lang='grc' dir='ltr'>τάξιν</span> <span class='ocrx_word' id='word_1_235' title='bbox 316 1927 361 1960; x_wconf 92' lang='lat' dir='ltr'>tunc</span> <span class='ocrx_word' id='word_1_236' title='bbox 367 1923 424 1960; x_wconf 82' lang='lat' dir='ltr'>fnisse</span> <span class='ocrx_word' id='word_1_237' title='bbox 432 1922 555 1959; x_wconf 83' lang='lat' dir='ltr'>introductum</span> <span class='ocrx_word' id='word_1_238' title='bbox 560 1936 565 1967; x_wconf 64' lang='grc' dir='ltr'><strong><em>ς</em></strong></span> <span class='ocrx_word' id='word_1_239' title='bbox 578 1922 618 1960; x_wconf 88' lang='lat' dir='ltr'>fieri</span> <span class='ocrx_word' id='word_1_240' title='bbox 624 1923 673 1966; x_wconf 85' lang='lat' dir='ltr'>enim</span> <span class='ocrx_word' id='word_1_241' title='bbox 679 1923 765 1973; x_wconf 87' lang='lat' dir='ltr'>potuisse,</span> 
     </span>
     <span class='ocr_line' id='line_1_30' title="bbox 142 1983 765 2031; baseline 0.002 -11"><span class='ocrx_word' id='word_1_242' title='bbox 142 1991 164 2021; x_wconf 90' lang='lat' dir='ltr'>ut</span> <span class='ocrx_word' id='word_1_243' title='bbox 178 1984 248 2031; x_wconf 80' lang='lat' dir='ltr'>Ignatii</span> <span class='ocrx_word' id='word_1_244' title='bbox 261 1984 324 2019; x_wconf 87' lang='lat' dir='ltr'>simius</span> <span class='ocrx_word' id='word_1_245' title='bbox 337 1984 440 2030; x_wconf 84' lang='lat' dir='ltr'>Martyrem</span> <span class='ocrx_word' id='word_1_246' title='bbox 454 1983 514 2030; x_wconf 87' lang='lat' dir='ltr'>ipsum</span> <span class='ocrx_word' id='word_1_247' title='bbox 529 1988 675 2030; x_wconf 78' lang='lat' dir='ltr'>repraesentaret,</span> <span class='ocrx_word' id='word_1_248' title='bbox 687 1985 710 2021; x_wconf 84' lang='lat' dir='ltr'>ud</span> <span class='ocrx_word' id='word_1_249' title='bbox 724 1997 765 2021; x_wconf 83' lang='lat' dir='ltr'>eum</span> 
     </span>
     <span class='ocr_line' id='line_1_31' title="bbox 143 2041 764 2094; baseline 0.003 -13"><span class='ocrx_word' id='word_1_250' title='bbox 143 2047 222 2088; x_wconf 80' lang='lat' dir='ltr'>oetatem,</span> <span class='ocrx_word' id='word_1_251' title='bbox 231 2056 267 2092; x_wconf 78' lang='lat' dir='ltr'>qua</span> <span class='ocrx_word' id='word_1_252' title='bbox 278 2042 362 2092; x_wconf 76' lang='lat' dir='ltr'>ignotius</span> <span class='ocrx_word' id='word_1_253' title='bbox 370 2041 420 2088; x_wconf 82' lang='lat' dir='ltr'>vixit,</span> <span class='ocrx_word' id='word_1_254' title='bbox 429 2046 448 2079; x_wconf 88' lang='lat' dir='ltr'>et</span> <span class='ocrx_word' id='word_1_255' title='bbox 459 2043 527 2080; x_wconf 79' lang='lat' dir='ltr'>Domus</span> <span class='ocrx_word' id='word_1_256' title='bbox 538 2043 597 2081; x_wconf 76' lang='lat' dir='ltr'>adhue</span> <span class='ocrx_word' id='word_1_257' title='bbox 606 2044 678 2094; x_wconf 80' lang='lat' dir='ltr'>juvenis</span> <span class='ocrx_word' id='word_1_258' title='bbox 687 2046 764 2094; x_wconf 80' lang='lat' dir='ltr'>Magne-</span> 
     </span>
     <span class='ocr_line' id='line_1_32' title="bbox 143 2102 765 2155; baseline 0.002 -13"><span class='ocrx_word' id='word_1_259' title='bbox 143 2105 211 2142; x_wconf 89' lang='lat' dir='ltr'>siorum</span> <span class='ocrx_word' id='word_1_260' title='bbox 220 2104 320 2153; x_wconf 86' lang='lat' dir='ltr'>Episcopus</span> <span class='ocrx_word' id='word_1_261' title='bbox 328 2102 369 2149; x_wconf 86' lang='lat' dir='ltr'>luit,</span> <span class='ocrx_word' id='word_1_262' title='bbox 378 2103 480 2151; x_wconf 84' lang='lat' dir='ltr'>respiceret,</span> <span class='ocrx_word' id='word_1_263' title='bbox 490 2116 552 2141; x_wconf 86' lang='lat' dir='ltr'>omnes</span> <span class='ocrx_word' id='word_1_264' title='bbox 560 2104 633 2142; x_wconf 86' lang='lat' dir='ltr'>vident:</span> <span class='ocrx_word' id='word_1_265' title='bbox 646 2106 696 2144; x_wconf 92' lang='lat' dir='ltr'>unde</span> <span class='ocrx_word' id='word_1_266' title='bbox 705 2106 765 2155; x_wconf 88' lang='lat' dir='ltr'>sequi-</span> 
     </span>
     <span class='ocr_line' id='line_1_33' title="bbox 143 2163 765 2215; baseline 0.003 -12"><span class='ocrx_word' id='word_1_267' title='bbox 143 2172 174 2203; x_wconf 86' lang='lat' dir='ltr'>tur</span> <span class='ocrx_word' id='word_1_268' title='bbox 183 2178 223 2202; x_wconf 74' lang='lat' dir='ltr'>eum</span> <span class='ocrx_word' id='word_1_269' title='bbox 231 2165 321 2202; x_wconf 78' lang='lat' dir='ltr'>novellum</span> <span class='ocrx_word' id='word_1_270' title='bbox 329 2164 463 2201; x_wconf 87' lang='lat' dir='ltr'>institutionem</span> <span class='ocrx_word' id='word_1_271' title='bbox 471 2163 530 2213; x_wconf 88' lang='lat' dir='ltr'>primo</span> <span class='ocrx_word' id='word_1_272' title='bbox 539 2165 604 2202; x_wconf 66' lang='lat' dir='ltr'>soeculo</span> <span class='ocrx_word' id='word_1_273' title='bbox 612 2165 705 2203; x_wconf 88' lang='lat' dir='ltr'>introduci</span> <span class='ocrx_word' id='word_1_274' title='bbox 713 2171 765 2215; x_wconf 85' lang='lat' dir='ltr'>potu-</span> 
     </span>
     <span class='ocr_line' id='line_1_34' title="bbox 143 2224 766 2275; baseline 0.002 -11"><span class='ocrx_word' id='word_1_275' title='bbox 143 2228 185 2264; x_wconf 85' lang='lat' dir='ltr'>isse.</span> <span class='ocrx_word' id='word_1_276' title='bbox 211 2226 236 2263; x_wconf 93' lang='lat' dir='ltr'>Et</span> <span class='ocrx_word' id='word_1_277' title='bbox 250 2238 313 2263; x_wconf 81' lang='lat' dir='ltr'>revera</span> <span class='ocrx_word' id='word_1_278' title='bbox 328 2224 477 2262; x_wconf 88' lang='lat' dir='ltr'>constitutionem</span> <span class='ocrx_word' id='word_1_279' title='bbox 491 2225 603 2262; x_wconf 75' lang='lat' dir='ltr'>auctoritatis</span> <span class='ocrx_word' id='word_1_280' title='bbox 618 2226 729 2275; x_wconf 83' lang='lat' dir='ltr'>Episcopalis</span> <span class='ocrx_word' id='word_1_281' title='bbox 743 2229 766 2266; x_wconf 81' lang='lat' dir='ltr'>od</span> 
     </span>
     <span class='ocr_line' id='line_1_35' title="bbox 145 2285 766 2336; baseline 0.002 -12"><span class='ocrx_word' id='word_1_282' title='bbox 145 2300 213 2324; x_wconf 87' lang='lat' dir='ltr'>onnum</span> <span class='ocrx_word' id='word_1_283' title='bbox 223 2287 261 2324; x_wconf 84' lang='lat' dir='ltr'>CL.</span> <span class='ocrx_word' id='word_1_284' title='bbox 270 2289 312 2334; x_wconf 88' lang='lat' dir='ltr'>post</span> <span class='ocrx_word' id='word_1_285' title='bbox 324 2285 392 2323; x_wconf 86' lang='lat' dir='ltr'>Christi</span> <span class='ocrx_word' id='word_1_286' title='bbox 402 2285 558 2330; x_wconf 85' lang='lat' dir='ltr'>resurrectionem,</span> <span class='ocrx_word' id='word_1_287' title='bbox 567 2285 602 2322; x_wconf 86' lang='lat' dir='ltr'>hoc</span> <span class='ocrx_word' id='word_1_288' title='bbox 613 2291 645 2330; x_wconf 86' lang='lat' dir='ltr'>cst,</span> <span class='ocrx_word' id='word_1_289' title='bbox 655 2287 678 2323; x_wconf 83' lang='lat' dir='ltr'>ad</span> <span class='ocrx_word' id='word_1_290' title='bbox 688 2289 766 2336; x_wconf 72' lang='lat' dir='ltr'>vulgar-Is</span> 
     </span>
     <span class='ocr_line' id='line_1_36' title="bbox 144 2346 766 2396; baseline 0.005 -12"><span class='ocrx_word' id='word_1_291' title='bbox 144 2348 194 2385; x_wconf 68' lang='lat' dir='ltr'>rniae</span> <span class='ocrx_word' id='word_1_292' title='bbox 208 2360 277 2384; x_wconf 83' lang='lat' dir='ltr'>annum</span> <span class='ocrx_word' id='word_1_293' title='bbox 291 2346 418 2396; x_wconf 76' lang='lat' dir='ltr'>CLXXXIII.</span> <span class='ocrx_word' id='word_1_294' title='bbox 432 2346 500 2388; x_wconf 82' lang='lat' dir='ltr'>referre</span> <span class='ocrx_word' id='word_1_295' title='bbox 515 2359 536 2383; x_wconf 82' lang='lat' dir='ltr'>ex</span> <span class='ocrx_word' id='word_1_296' title='bbox 553 2349 607 2383; x_wconf 81' lang='lat' dir='ltr'>aetote</span> <span class='ocrx_word' id='word_1_297' title='bbox 621 2347 727 2395; x_wconf 87' lang='lat' dir='ltr'>Impostoris</span> <span class='ocrx_word' id='word_1_298' title='bbox 744 2349 766 2387; x_wconf 84' lang='grc'>61</span> 
     </span>
     <span class='ocr_line' id='line_1_37' title="bbox 145 2406 767 2456; baseline 0.005 -11"><span class='ocrx_word' id='word_1_299' title='bbox 145 2408 195 2446; x_wconf 83' lang='lat' dir='ltr'>ornui</span> <span class='ocrx_word' id='word_1_300' title='bbox 202 2409 272 2445; x_wconf 82' lang='lat' dir='ltr'>ratione</span> <span class='ocrx_word' id='word_1_301' title='bbox 284 2408 364 2445; x_wconf 80' lang='lat' dir='ltr'>alienum</span> <span class='ocrx_word' id='word_1_302' title='bbox 375 2407 408 2454; x_wconf 85' lang='lat' dir='ltr'>est,</span> <span class='ocrx_word' id='word_1_303' title='bbox 418 2419 460 2444; x_wconf 89' lang='lat' dir='ltr'>cum</span> <span class='ocrx_word' id='word_1_304' title='bbox 471 2406 498 2444; x_wconf 90' lang='lat' dir='ltr'>illi</span> <span class='ocrx_word' id='word_1_305' title='bbox 507 2407 538 2456; x_wconf 90' lang='lat' dir='ltr'>qui</span> <span class='ocrx_word' id='word_1_306' title='bbox 548 2419 590 2444; x_wconf 91' lang='lat' dir='ltr'>eum</span> <span class='ocrx_word' id='word_1_307' title='bbox 599 2407 719 2456; x_wconf 83' lang='lat' dir='ltr'>Impostorenr</span> <span class='ocrx_word' id='word_1_308' title='bbox 727 2422 767 2448; x_wconf 90' lang='lat' dir='ltr'>esse</span> 
     </span>
     <span class='ocr_line' id='line_1_38' title="bbox 145 2469 768 2518; baseline 0.003 -10"><span class='ocrx_word' id='word_1_309' title='bbox 145 2471 208 2509; x_wconf 84' lang='lat' dir='ltr'>volunt</span> <span class='ocrx_word' id='word_1_310' title='bbox 222 2470 243 2507; x_wconf 89' lang='lat' dir='ltr'>de</span> <span class='ocrx_word' id='word_1_311' title='bbox 257 2470 296 2518; x_wconf 80' lang='lat' dir='ltr'>ejus</span> <span class='ocrx_word' id='word_1_312' title='bbox 310 2473 364 2507; x_wconf 77' lang='grc'><strong>661616</strong></span> <span class='ocrx_word' id='word_1_313' title='bbox 377 2469 472 2507; x_wconf 75' lang='lat' dir='ltr'>conuenire</span> <span class='ocrx_word' id='word_1_314' title='bbox 485 2481 579 2518; x_wconf 78' lang='lat' dir='ltr'>nunquam</span> <span class='ocrx_word' id='word_1_315' title='bbox 591 2469 690 2517; x_wconf 85' lang='lat' dir='ltr'>potuerint.</span> <span class='ocrx_word' id='word_1_316' title='bbox 716 2471 768 2509; x_wconf 82' lang='lat' dir='ltr'>Circa</span> 
     </span>
     <span class='ocr_line' id='line_1_39' title="bbox 145 2527 767 2582; baseline 0.003 -12"><span class='ocrx_word' id='word_1_317' title='bbox 145 2531 226 2571; x_wconf 84' lang='lat' dir='ltr'>medium</span> <span class='ocrx_word' id='word_1_318' title='bbox 244 2531 318 2569; x_wconf 88' lang='lat' dir='ltr'>secundi</span> <span class='ocrx_word' id='word_1_319' title='bbox 335 2527 396 2578; x_wconf 80' lang='lat' dir='ltr'>soeculi</span> <span class='ocrx_word' id='word_1_320' title='bbox 410 2531 512 2580; x_wconf 81' lang='lat' dir='ltr'>Epistolum</span> <span class='ocrx_word' id='word_1_321' title='bbox 527 2531 550 2568; x_wconf 81' lang='lat' dir='ltr'>ad</span> <span class='ocrx_word' id='word_1_322' title='bbox 564 2531 668 2580; x_wconf 77' lang='lat' dir='ltr'>Magnesios</span> <span class='ocrx_word' id='word_1_323' title='bbox 682 2533 767 2582; x_wconf 84' lang='lat' dir='ltr'>scriptam</span> 
     </span>
     <span class='ocr_line' id='line_1_40' title="bbox 145 2592 767 2641; baseline 0.002 -9"><span class='ocrx_word' id='word_1_324' title='bbox 145 2596 201 2633; x_wconf 80' lang='lat' dir='ltr'>fuisse</span> <span class='ocrx_word' id='word_1_325' title='bbox 214 2594 271 2630; x_wconf 89' lang='lat' dir='ltr'>sensit</span> <span class='ocrx_word' id='word_1_326' title='bbox 281 2592 393 2638; x_wconf 77' lang='lat' dir='ltr'>Albertinus,</span> <span class='ocrx_word' id='word_1_327' title='bbox 402 2592 456 2641; x_wconf 81' lang='lat' dir='ltr'>paulo</span> <span class='ocrx_word' id='word_1_328' title='bbox 467 2592 556 2640; x_wconf 82' lang='lat' dir='ltr'>posterius</span> <span class='ocrx_word' id='word_1_329' title='bbox 567 2592 614 2629; x_wconf 82' lang='lat' dir='ltr'>forte</span> <span class='ocrx_word' id='word_1_330' title='bbox 627 2592 734 2632; x_wconf 79' lang='lat' dir='ltr'>Salmasius:</span> <span class='ocrx_word' id='word_1_331' title='bbox 748 2601 767 2633; x_wconf 85' lang='lat' dir='ltr'>at</span> 
     </span>
     <span class='ocr_line' id='line_1_41' title="bbox 146 2652 767 2702; baseline 0 -9"><span class='ocrx_word' id='word_1_332' title='bbox 146 2657 161 2693; x_wconf 88' lang='lat' dir='ltr'>si</span> <span class='ocrx_word' id='word_1_333' title='bbox 169 2655 241 2693; x_wconf 82' lang='lat' dir='ltr'>novella</span> <span class='ocrx_word' id='word_1_334' title='bbox 252 2667 273 2690; x_wconf 88' lang='lat' dir='ltr'>eo</span> <span class='ocrx_word' id='word_1_335' title='bbox 281 2658 363 2702; x_wconf 83' lang='lat' dir='ltr'>tempore</span> <span class='ocrx_word' id='word_1_336' title='bbox 373 2653 465 2689; x_wconf 88' lang='lat' dir='ltr'>institutio</span> <span class='ocrx_word' id='word_1_337' title='bbox 477 2653 517 2697; x_wconf 83' lang='lat' dir='ltr'>fuit,</span> <span class='ocrx_word' id='word_1_338' title='bbox 526 2652 617 2689; x_wconf 75' lang='lat' dir='ltr'>institutIo</span> <span class='ocrx_word' id='word_1_339' title='bbox 629 2657 690 2691; x_wconf 80' lang='lat' dir='ltr'>tomen</span> <span class='ocrx_word' id='word_1_340' title='bbox 699 2655 739 2701; x_wconf 83' lang='lat' dir='ltr'>fuit,</span> <span class='ocrx_word' id='word_1_341' title='bbox 749 2661 767 2693; x_wconf 85' lang='lat' dir='ltr'>ct</span> 
     </span>
    </p>
   </div>
   <div class='ocr_carea' id='block_1_6' title="bbox 0 0 866 2935">
    <p class='ocr_par' dir='ltr' id='par_1_7' title="bbox 0 0 866 2935">
     <span class='ocr_line' id='line_1_42' title="bbox 0 0 866 2935; baseline 0 0"><span class='ocrx_word' id='word_1_342' title='bbox 0 0 866 2935; x_wconf 95' lang='lat' dir='ltr'> </span> 
     </span>
    </p>
   </div>
  </div>
 </body>
</html>
