1679 2935
128 207 154 243 42
319 219 346 254 nr,
355 220 407 257 earu,
421 218 527 256 rrioeunssU,
540 218 563 247 nr

130 307 148 344 S.
158 308 232 357 Ignatio
241 310 354 348 ascribitur?
380 312 413 357 lta
423 311 454 347 ille
467 304 555 359 genuinas
567 310 658 359 Epistolas
667 323 678 347 a
686 310 751 360 spruiis

124 380 175 418 saepe
185 370 285 419 distinguit,
294 376 316 408 ut
325 372 346 409 in
354 373 440 411 Editione
448 372 508 410 Vossii
515 372 657 420 distinguuntur.

35 431 121 499 gasanguas
155 431 254 469 Sahnasins
262 446 304 471 vero
313 433 393 471 editione
402 434 472 471 Usserii
478 436 577 482 perspecta,
587 435 605 469 et
614 431 681 469 Codice
689 432 751 468 Medi-

46 471 118 503 almanus.
129 504 167 540 ceo,
177 497 275 543 antequam
287 495 376 542 ederetur,
385 496 428 542 viso,
438 495 542 540 auctoritati
550 493 619 544 ignatii
627 493 707 543 iniquior
715 493 752 539 fae-

129 556 159 590 tus
168 557 201 591 est.
226 556 274 592 Ecce
283 556 360 592 enimin
366 558 460 604 Apparatu
469 557 491 593 ad
500 556 564 593 Libros
571 556 594 592 de
602 554 685 592 Primatu
691 555 751 602 Papae,

130 614 141 633 “
146 613 230 661 Varias,’⁷
236 615 301 664 inquit,
308 618 319 637 “
325 615 482 665 diversi-temperis
487 617 526 665 ejus
532 616 597 664 Operis
601 614 751 663 interpolationes

129 686 167 712 esse
172 677 229 713 factas
237 678 300 714 multis
309 678 389 714 ostendit
398 678 566 715 Reverendissimus
573 682 591 715 et
597 676 751 715 doctissimusVir

129 737 208 774 lacobus
217 737 308 774 Usserius
323 738 455 775 Arnaachanus.
485 740 543 778 Quale
558 744 620 777 autem
635 739 657 776 ab
672 738 752 776 Auctore

127 798 208 844 primum
219 798 292 844 prodiit,
302 810 325 834 ue
341 798 441 845 genuinum
457 800 530 847 quidem
544 801 613 848 ignatii
628 812 666 837 esse
677 813 752 848 possum

127 857 178 891 omni
186 857 318 892 asseveratione
327 858 453 893 confirmed
481 859 527 894 Haec
535 859 589 904 paulo
598 858 684 900 sedatius.
706 859 752 896 Quae

127 929 165 953 non
173 917 227 964 longe
235 920 276 964 post
285 920 387 965 sequuntur
397 917 506 953 Salmasium
518 918 576 965 magis
584 918 667 969 sapiunt.
694 921 706 939 “
711 918 753 959 Qua

127 981 189 1014 autem
197 980 251 1014 aetate
259 978 324 1029 vixerit
334 977 364 1015 lrie
372 978 466 1026 irnpostor,
476 978 507 1026 qni
519 991 586 1015 nonren
595 978 664 1026 Ignatii
675 979 752 1016 ementi.-

127 1041 157 1075 tus
166 1043 193 1075 est
201 1038 221 1075 in
229 1038 268 1076 istis
277 1039 363 1088 Epistolis
373 1038 508 1076 conscribendis
516 1039 646 1087 inquirendum
655 1043 687 1077 est.
701 1040 750 1080 Nam

127 1097 222 1147 ignatium
233 1113 271 1137 non
282 1113 320 1137 esse
333 1113 396 1137 earum
409 1102 501 1137 auctorem
512 1103 551 1143 tam
562 1103 632 1137 eertum
643 1103 687 1149 puto
697 1113 751 1149 quam

128 1173 158 1196 me
166 1161 205 1197 haee
213 1160 308 1198 seribere.''
332 1161 369 1198 Hic
377 1174 421 1197 sane
428 1152 494 1209 purum
503 1164 568 1209 putum
578 1161 687 1205 Salmasium
695 1161 752 1200 habe-

35 1222 122 1270 deductore
129 1233 175 1258 mus,
188 1221 219 1257 Ad
226 1224 299 1269 teinpus
308 1224 369 1258 autem
378 1221 426 1269 quod
435 1222 506 1266 attinet,
513 1221 630 1268 impostorem
637 1221 701 1264 eodem
710 1234 751 1258 cum

35 1259 108 1333 iffiffi
129 1269 231 1317 Valentino
239 1282 305 1317 vixisse
316 1281 427 1328 suspicatur;
440 1281 541 1329 imperante
552 1281 640 1318 nimirum
650 1281 751 1325 Antonino,

35 1334 63 1402 211Ἰῖ
67 1346 103 1364 ⁵⁰⁰³·
130 1345 161 1376 aut
170 1345 219 1376 certe
227 1339 260 1377 sub
269 1341 334 1376 Marco
338 1340 420 1382 Aurelio.
445 1340 507 1389 Atque
515 1340 554 1376 haee
563 1344 590 1377 est
599 1353 670 1385 summa
679 1344 752 1376 senten-

63 1396 66 1402 ’
128 1401 159 1438 tiae
166 1401 287 1439 Salmasiauae.
301 1402 344 1450 lpse
350 1405 410 1439 autem
417 1402 627 1451 cum'haeeinApparatu
633 1405 671 1445 tam
678 1405 752 1439 strenue

128 1462 238 1507 asseruisset,
245 1462 311 1510 inipso
318 1463 378 1509 Opere
385 1462 493 1498 auctoritate
498 1463 567 1510 Ignatii
576 1463 682 1510 saepiuscule
687 1463 750 1498 utitur.

127 1522 174 1565 ,Quae
186 1535 228 1558 eum
236 1522 310 1559 vialisset
322 1523 409 1566 Claudius
421 1523 521 1566 Sarravius,
531 1535 593 1559 aurem
605 1522 693 1559 Salmasio
701 1523 752 1560 vellit

127 1586 145 1618 et
154 1583 254 1619 admonuit.
281 1584 342 1619 “Non
350 1584 411 1631 placet
420 1585 468 1630 quod
477 1596 498 1619 ea
505 1584 526 1618 in
534 1584 630 1631 Apparatu
641 1585 702 1631 culpes
711 1596 751 1631 quae

76 1670 78 1673 .
125 1642 193 1691 inipso
202 1643 262 1691 Opere
270 1642 339 1680 laudas.
365 1644 394 1680 De
403 1643 504 1691 ignatianis
513 1642 600 1690 Epistolis
609 1642 697 1691 intelligo,
707 1655 751 1691 quas

126 1703 146 1739 in
152 1703 252 1752 lipparam,
262 1703 294 1753 qni
302 1703 350 1753 prior
356 1704 429 1753 legitur,
438 1691 504 1740 meiito
513 1704 545 1751 τῆς
553 1702 623 1742 νοθείας
631 1703 718 1740 revineis:
733 1709 751 1740 et

126 1767 189 1800 tamen
196 1777 258 1800 earum
265 1764 444 1812 auctoritatepostea
453 1764 559 1813 saepiuscule
564 1763 627 1809 uteris,
634 1764 685 1811 qilasi
691 1767 751 1800 essent

125 1824 217 1873 legitimae,
225 1838 260 1862 nee
271 1825 337 1862 titulus
350 1829 444 1862 auctorem
456 1825 572 1861 mentiretur.
600 1824 669 1868 Saltem
680 1824 702 1860 de
715 1824 751 1860 ista

125 1890 158 1923 tua
167 1886 262 1924 sententiae
269 1886 372 1923 mutatione
381 1886 449 1933 aliquid
458 1885 598 1932 significasses?
616 1884 674 1931 Epist.
683 1898 701 1932 p.
708 1886 750 1922 181.

127 1945 178 1991 Haec,
192 1945 261 1993 opinor,
274 1946 295 1982 in
310 1946 399 1990 Sarravio,
414 1945 494 1981 maximo
512 1944 597 1981 Salmasii
609 1944 749 1993 hyperaspistal,

127 2006 182 2042 etiam
190 2006 218 2041 illi
223 2006 271 2041 ferre
279 2005 399 2054 possuntqui
408 2005 471 2040 eadem
477 2005 497 2040 in
504 2004 620 2041 Hammondo
626 2018 664 2041 non
669 2000 748 2042 ferunt?

34 2075 69 2104 Dav.
152 2065 212 2103 David
225 2065 280 2102 etiam
292 2064 434 2111 monteluser
446 2065 485 2114 ipse
497 2065 517 2101 in
530 2065 638 2103 Praefatione
646 2065 750 2115 Apologiae⁰

33 2112 98 2142 Blanda.
126 2127 200 2172 fatetur,
207 2126 750 2175 quamprimumEpistolarumpriorumsexlsaacusVossius

126 2189 196 2238 copiam
205 2187 254 2233 feeit,
264 2200 294 2224 eas
304 2186 360 2224 avidis
367 2187 423 2224 oculis
431 2188 497 2234 hausit,
503 2200 560 2230 manu
567 2187 640 2235 propria
649 2186 749 2235 descripsit,

125 2260 167 2285 cum
176 2248 236 2285 citatis
245 2259 256 2284 a
264 2248 362 2288 Veteribus
371 2248 416 2289 locis
428 2248 508 2283 studiose
520 2247 602 2291 contulit,
612 2247 677 2283 saeculo
687 2252 750 2292 nostro

125 2310 232 2358 gratulatus,
240 2309 288 2358 qnod
294 2307 341 2350 illud
345 2308 405 2357 ipsum
412 2307 508 2356 exemplar,
513 2319 548 2355 quo
555 2309 597 2343 ante
603 2305 653 2342 mille
658 2309 749 2345 trecentos

125 2384 182 2407 auitos
190 2383 233 2407 usus
247 2373 285 2412 erat
297 2368 394 2415 Eusebius,
406 2381 473 2405 novam
484 2368 520 2417 ipsi
532 2367 637 2416 propediem
646 2367 749 2410 affulsiuam

124 2431 184 2468 lucem
193 2431 294 2479 sponderet.
303 2431 348 2472 Sed·
354 2434 451 2483 postquam
461 2430 558 2469 attentiore
567 2429 628 2471 animo
636 2427 749 2477 siugrdarurn

144 2530 259 2558 hHonorilieunr
267 2532 284 2559 [le
291 2531 351 2559 Claudio
359 2532 425 2560 Sarravio
450 2530 552 2566 np⁷n1i,(quam
562 2529 613 2564 vocat)
623 2528 641 2556 de
651 2528 725 2565 Episeopis
735 2534 749 2558 ct

125 2567 425 2605 testimoninmdatlsVossiusinlguatio
451 2567 544 2603 Presbpterm,
557 2566 596 2594 edita
609 2566 633 2594 'est
648 2564 694 2595 dmst.
708 2568 748 2597 lala.

124 2615 154 2641 ano,
165 2615 188 2642 pp.
194 2605 225 2643 2i3,
232 2605 244 2633 l.
256 2606 289 2634 Vid.
301 2606 347 2634 Usser.
356 2607 397 2635 Praf.
407 2605 425 2634 ad
451 2605 497 2634 Verba
506 2604 540 2640 ejus,
547 2613 579 2639 quae
587 2612 623 2640 pene
633 2605 702 2634 exscribit
708 2605 748 2635 Poai-

125 2644 194 2681 lnterpol.
202 2643 279 2680 Epistolas.
417 2655 419 2657 >
451 2652 498 2679 sonita,
505 2642 576 2672 habemur
582 2641 598 2671 in
605 2641 645 2671 Praat
652 2644 692 2680 1.3tt.

143 2682 230 2720 L'Apologia
245 2681 363 2718 probamentis
376 2682 426 2711 Hiero·
477 2688 479 2690 ’
