1679 2935
224 186 382 218 rsnnno-oroursn
393 188 541 217 nrasnanirmu
655 183 692 220 257

72 282 159 334 adjecisse*
170 281 193 317 ad
202 280 296 317 Juvenalis
309 278 434 314 narrationem
447 278 595 323 confirmandam,
605 287 660 327 quam
672 293 693 317 ca

73 342 157 383 Juvenali
170 340 273 377 tribuisse.”
299 339 341 374 Imo
354 343 397 374 voro
411 338 526 386 Nicephoru's
542 343 603 386 aperte
615 343 693 376 testatur

73 403 179 444 Juvenalem
191 401 251 449 ipsum
263 400 298 437 hoc
307 398 392 447 Dionysii
404 399 509 436 testimonio
522 405 576 436 nsum
589 406 635 447 essc,'
643 413 693 438 enm.

73 478 107 515 que
121 465 159 500 liaec
172 462 260 498 citantem
274 458 350 496 inducit.
376 459 420 495 Post
435 459 484 496 enim
497 459 593 496 verborum
607 461 693 511 Dionysii
707 463 709 466 ’

71 524 196 563 recitationem
205 520 268 556 statim
276 519 332 563 addit,
342 520 399 554 τοῦτο
407 517 529 565 διεξελθόντος
537 517 666 564 Ἰουβεννλίον,
676 521 693 557 οἱ

71 585 178 636 κροτοῦντες
184 579 216 627 τὴν
224 578 279 627 dyluv
288 577 357 624 ἐκείνην
367 577 437 617 ἐδέοντο
449 578 529 628 πέμπειν
536 578 591 631 σορὸν
601 580 647 628 μετὰ
657 583 692 619 τῶν

72 646 121 697 ἱερῶν
134 642 204 681 ἐκείνων
217 640 295 691 ἀμφίων.
320 641 364 676 Ηιοο
377 647 415 686 capt
423 641 515 678 duvenaldo
521 647 631 689 perorasset,
638 645 691 690 prla-
735 652 737 654 ’

71 708 116 754 cipes
125 716 162 741 caua
171 705 263 750 royuruat,
276 706 296 739 ut
308 705 435 749 sacraturum
448 703 522 739 loculum
534 715 570 739 acuo
583 715 622 740 cam
633 705 691 741 sacris

70 766 144 802 uestibus
152 764 235 798 mitteret.
258 763 304 799 Quae
313 762 386 810 quidem
394 762 449 798 verba
456 763 510 810 paulo
519 764 619 807 accinctius
627 765 689 800 obser-

70 823 128 863 vanda
139 822 186 867 sunt,
196 821 244 869 qnod
256 821 286 858 hic
299 821 407 868 figmentrm'
419 821 508 859 notaverit
518 821 629 868 Albertinus,
642 824 690 871 quod

70 884 124 923 ctiam
139 881 229 920 Baronins
246 881 338 919 confessus
355 884 382 918 est
391 896 396 927 3
416 881 448 930 qui
464 881 547 919 observat
565 883 689 932 “sepulcrum

70 946 105 984 Dei
122 943 222 982 Genetricis
237 944 259 980 in
275 945 327 992 petra
344 942 423 979 excisum
441 955 484 989 esse,
502 946 521 980 et
537 943 595 980 instar
612 944 689 992 sepulcri

70 1004 161 1045 Dominici
175 1004 233 1042 nativi
243 1003 311 1053 >lapidis
325 1003 434 1043 cohaerentia
447 1003 487 1041 loco
500 1003 618 1041 immobiliter
632 1004 689 1042 inha-

68 1066 126 1104 rere.”
156 1065 211 1102 Unde
228 1065 310 1110 miratur,
331 1064 441 1112 “quomodo
458 1065 504 1102 illud
517 1065 689 1114 Constantinopolin

69 1125 133 1162 dicitur
141 1124 197 1161 fnisse
205 1124 333 1161 t1·anslatnm.’'
345 1171 347 1174 ι
359 1123 441 1172 indeque
451 1124 558 1161 Alhertinus
570 1125 615 1161 mire
623 1125 688 1161 trium-

68 1187 125 1235 phans
138 1186 168 1231 ait,
183 1188 195 1206 “
203 1186 263 1233 AEque
277 1189 320 1221 'sane
330 1197 399 1231 verum,
413 1185 537 1221 narrationem
553 1197 607 1233 snpra
620 1198 689 1222 memo-

68 1250 125 1284 ratam
139 1246 232 1283 luvenalis
245 1259 289 1293 esse,
303 1258 324 1283 ac
336 1258 399 1283 verum
414 1249 442 1282 cst
457 1246 561 1294 sepulcrum
571 1246 653 1294 Virginis
666 1247 688 1284 ab

68 1306 98 1343 illo
107 1307 279 1355 Constantinopolin
291 1306 386 1343 missum.”
413 1306 461 1343 Cum
471 1306 532 1354 potius
544 1306 688 1343 animadverten-

68 1368 111 1403 dum
124 1372 177 1412 esset,
191 1368 292 1404 Baronium
306 1380 339 1403 sua
354 1380 376 1403 ex
388 1367 455 1403 Latino
467 1367 687 1415 Niceplrorojsumpsissej

68 1430 85 1463 ct
94 1426 116 1463 de
124 1416 202 1475 satalon
210 1425 382 1475 Constantinopolin
390 1426 446 1463 misso
454 1426 499 1463 inde·
506 1427 614 1478 somniasse:
632 1428 688 1465 Nice·
734 1417 736 1428 ζ

68 1486 144 1535 phorum
161 1490 223 1524 autem
237 1486 365 1540 tantummodo
378 1485 411 1534 cdv
426 1486 484 1537 σορὸν,
500 1484 555 1524 etad
568 1485 631 1537 ἄμφνο
644 1487 688 1525 illuc

69 1548 174 1585 transmissa
179 1561 294 1585 memorasse.
304 1546 377 1598 Ἄμφιον
382 1551 444 1584 autem
449 1547 504 1584 etiam
508 1545 585 1597 ἐντάφιον
590 1547 688 1599 σπάργανα

69 1609 173 1654 sepulcrales
184 1608 254 1656 fuscius
265 1608 348 1658 appellat.
375 1608 418 1645 Solo
431 1611 493 1645 antem
505 1608 579 1645 nomine
589 1609 621 1655 τῆς
633 1611 688 1659 σοροῦ

69 1669 90 1705 in
101 1668 135 1706 hac
147 1682 167 1706 re
178 1669 236 1706 utitm
243 1669 364 1718 Nicephorus.
389 1669 424 1705 nst
438 1671 499 1705 autem
512 1666 565 1718 σορὸς
578 1669 626 1706 nihil
639 1670 689 1706 aliud

71 1741 124 1775 quam
133 1731 213 1766 locusyel
222 1732 277 1776 theca,
285 1733 303 1766 et
309 1727 413 1779 oopoaayds
418 1736 457 1764 non
463 1733 491 1765 est
498 1727 583 1775 λατόμος,
590 1730 621 1777 qui
626 1732 689 1779 sepul-

71 1799 101 1824 cra
111 1789 216 1826 Judaeorum
229 1790 267 1826 ritu
279 1802 301 1826 er
313 1789 369 1838 petris
381 1788 455 1835 excidit
468 1789 500 1825 sed
515 1789 546 1838 qui
559 1789 604 1825 tales
618 1791 687 1826 arculas

71 1850 168 1897 compingit
177 1855 196 1887 et
204 1852 282 1888 conficit.
301 1842 360 1887 Vetus
368 1850 481 1886 Glossarium
489 1848 543 1900 σορὸς
551 1851 686 1896 crcafuaebrls.

70 1908 128 1945 Julius
136 1911 205 1957 Pollux,
216 1911 247 1948 lib.
257 1911 286 1948 rii.
296 1923 334 1959 cap.
343 1911 373 1947 33.
400 1908 503 1960 Σοροττοιός,
514 1908 621 1959 uopou'oy'yds,
634 1920 686 1960 σορο-

67 1966 135 2015 πήγοον,
145 1969 203 2021 σορός·
212 1973 286 2009 καλοῖτο
297 1969 311 2007 δ’
322 1969 344 2007 dr
352 1969 397 2015 αὕτη
406 1968 436 2007 καὶ
445 1968 519 2012 πύελος,
532 1967 562 2006 aad
571 1968 648 2014 uallauit
657 1969 687 2008 rat

66 2026 124 2072 aava.
150 2031 223 2068 Arcam*
231 2031 290 2079 igitur
299 2030 400 2075 funebrem,
409 2033 428 2066 et
439 2029 503 2066 fascias
518 2032 549 2066 aut
557 2033 622 2072 vestes,
628 2031 687 2078 sepul-

67 2087 122 2124 crales
131 2090 302 2141 Constantinopolin
312 2090 443 2140 Hierosolymis
456 2090 506 2126 misit
517 2090 623 2127 Patriaroha
632 2091 644 2127 J
645 2104 687 2128 nve-

67 2148 217 2200 nalispostquam
222 2152 323 2189 Pulcheriae
328 2155 369 2188 tum
376 2164 398 2188 en
404 2151 503 2188 traditione
508 2156 549 2188 tum
555 2164 577 2187 ex
583 2152 688 2198 testimonio

68 2208 149 2258 Dionysii
162 2225 191 2249 eas
204 2214 227 2250 ad
241 2213 363 2261 syngaram
373 2212 481 2260 pertinuisse
492 2212 616 2260 persuasisset.>
641 2213 687 2249 Haec

67 2267 122 2314 igitur
128 2283 169 2309 cum
175 2273 222 2310 nihil
228 2274 305 2311 valitura
313 2273 422 2321 perspiceret
429 2272 514 2323 Dallaeus',
521 2272 688 2319 responditsecun-

5 2341 9 2370 ἐ
65 2326 96 2371 do,
106 2331 117 2348 ‘¹
124 2331 226 2370 Hi'storicos
235 2335 292 2371 solere
300 2333 383 2380 homines
392 2345 413 2368 ea
421 2332 501 2367 dicentes
509 2331 595 2366 inducere
603 2343 641 2367 non
648 2344 688 2378 quae

67 2398 109 2423 vere
123 2402 143 2426 ac
157 2395 207 2430 certo
221 2393 312 2438 dixerunt,
327 2391 359 2441 ped
374 2404 413 2440 quae
429 2390 470 2426 illos
484 2389 519 2439 ipsi
533 2388 592 2425 dicere
607 2390 688 2438 potuisse

67 2450 124 2494 putari
134 2451 150 2487 .”
186 2454 320 2503 Quanuidem
337 2451 430 2499 responsio
445 2451 461 2486 si
476 2451 497 2487 in
513 2449 568 2486 rebus
582 2451 688 2498 hujusmodi

68 2506 179 2560 admittatur,
188 2516 260 2553 tollitur
272 2513 330 2553 omnis
341 2513 380 2549 lere
391 2512 438 2549 ratio
446 2511 643 2549 veternm'testimonia
656 2513 687 2550 ad-

67 2568 157 2609 mittendi.
190 2576 266 2613 Quoties
280 2575 330 2613 enim
344 2574 413 2611 Auctor
428 2573 493 2620 aliquis
509 2573 615 2620 scriptorem
632 2573 688 2610 alium

64 2626 137 2665 inducit
152 2632 225 2670 alterius
239 2636 306 2683 scripta
321 2633 414 2678 citantem,
429 2633 481 2669 nulla
493 2633 513 2672 ci,
524 2632 568 2673 satis
580 2635 630 2669 certa
643 2633 688 2670 fides

92 2695 139 2717 rasas.
149 2698 175 2719 v1r
186 2700 209 2721 mo
531 2703 540 2729 s
