1679 2935
97 196 126 231 riv
317 207 400 235 norroms
412 206 502 235 rrrmrarro

97 301 136 335 erat
144 298 223 336 referta?
250 299 380 348 Megasthenes
393 304 412 336 ct
424 300 530 349 Euphorion
539 312 562 336 an
571 297 644 349 syriace
656 296 722 345 scripta

98 359 208 398 ediderunt?
233 361 264 398 An
272 361 388 408 Theophilus,
398 361 490 405 Meletius,
501 359 639 409 Chrysostomns
649 359 722 407 Syrisce

99 420 146 470 apud
155 420 289 458 Antiochenses
297 421 380 459 solebant
389 421 504 458 concionari?
530 422 561 458 An
573 420 667 468 quisquam
680 420 722 455 ante

98 485 182 529 tempora
196 481 302 531 Ephracmii
319 493 341 518 er
358 481 429 519 Gemite
445 481 535 531 Episcopi,
550 481 651 531 imperante
665 478 722 516 lusti·

100 544 155 579 niano
160 558 165 589 5
180 543 210 592 qui
224 547 286 581 tamen
303 544 347 592 ipse,
360 555 417 592 qnam
432 544 488 592 Syrus
504 546 557 589 esset,
573 543 641 581 Graecae
655 541 723 589 linguae

100 617 204 642 sermonem
220 605 267 641 hene
289 604 366 641 callebat
384 609 402 641 et
419 605 534 642 scribebam?
564 603 669 642 Quinetiam
685 602 723 650 ipsc

101 665 241 713 Ghrpsostomns
254 677 287 702 nos
301 665 352 702 docet
368 666 429 714 qiiales
445 670 505 703 essent
516 666 547 715 qni
557 669 601 702 tuno
609 662 695 713 temporis
704 662 724 698 in

102 726 154 776 Syria
167 727 241 774 Syriaca
254 727 318 774 lingna
329 726 434 771 utebantur,
448 728 531 763 homines
541 726 578 762 scil.
589 738 633 773 quos
640 724 724 760 nominat

100 786 177 823 rusticos
186 787 286 823 ¹illiteratos
299 789 351 833 atque
368 787 451 829 reiterare,
468 787 498 834 qui
511 787 569 823 rarius
583 785 605 822 ad
619 784 689 821 Urhem
702 795 724 819 ex

101 846 193 895 provincia
201 846 260 883 sn'cina
267 846 381 882 accedebant.
404 847 525 884 Proeiddubio
534 847 599 884 Versio
607 850 635 882 est
645 845 723 894 Syriaca,

101 919 155 955 qnam
164 906 198 942 Vir
207 906 324 942 Reverendns
332 909 396 942 tuetur
401 922 407 952 ,¹
420 919 480 954 neque
490 920 544 943 ausus
557 911 584 944 est
596 907 634 954 ipse
646 905 725 942 inventis

101 968 138 1004 suis
152 967 178 1003 ita
195 966 286 1015 plaudere,
303 970 323 1002 ut
338 966 432 1014 ignatium
450 967 540 1004 Orientali
556 967 623 1015 lingua*
633 966 725 1014 scripsisse

100 1028 155 1077 plane
162 1027 240 1064 affirmet
247 1034 259 1064 Ζ.
286 1027 377 1065 Quorsum
383 1040 425 1064 vcro
434 1028 473 1064 haec
482 1026 571 1076 depatrio
580 1039 662 1064 sermone
669 1026 725 1074 lgna-

100 1090 123 1125 tii
131 1091 149 1126 et
163 1087 320 1133 Antiochensium,
329 1092 382 1124 tanta
393 1088 484 1125 industria
496 1089 578 1137 repet'ta,
591 1088 627 1124 nisi
639 1089 660 1124 ut
670 1090 725 1123 vento

102 1150 175 1198 obliquo
185 1149 267 1199 Syriacas
276 1145 345 1186 merces
353 1148 374 1185 in
381 1149 475 1186 meliorem
483 1154 557 1198 portum
566 1149 645 1197 dirigat?

128 1210 266 1256 “'Pearsonns''
277 1210 302 1247 ait
310 1210 345 1247 Vir
353 1210 475 1256 Reverendus,
485 1211 547 1247 “nihil
557 1211 658 1259 suspicatus
667 1213 695 1246 est
704 1209 726 1245 de

102 1271 198 1320 plnasibus
207 1271 313 1316 Aramaicis
321 1270 387 1319 quibus
395 1271 488 1309 abundant
496 1272 525 1309 hae
534 1271 650 1320 Ephtolaeff
672 1270 726 1307 Pear-

104 1345 160 1370 sonus
176 1332 226 1369 unde
243 1332 329 1380 suspicari
350 1332 444 1381 potuisset,
462 1332 510 1381 quod
529 1324 583 1369 nemo
596 1335 639 1369 ante
655 1334 727 1378 reperta

106 1392 181 1441 Syriaca
186 1392 285 1440 suspicatus
292 1395 324 1437 est,
331 1403 385 1428 nemo
390 1391 466 1429 fortasse
470 1396 512 1440 post
516 1395 588 1441 reperta
593 1389 726 1440 suspicabitur?

106 1454 160 1491 Certe
169 1466 281 1501 quaeeunque
290 1452 339 1489 dieta
351 1452 429 1489 Criticus
437 1454 495 1490 novus
504 1454 639 1497 Aramaismnm
646 1452 727 1489 redolere

106 1516 164 1560 docet,
174 1527 195 1552 ea
204 1514 265 1551 omnia
274 1515 320 1564 Syro
333 1526 366 1551 suo
376 1514 450 1563 ignatio
463 1528 504 1552 eum
516 1515 565 1552 Nom'
574 1514 653 1552 Foedeiis
667 1513 727 1561 Scrip-

106 1575 176 1614 toribus
182 1575 286 1613 communia
294 1574 362 1620 susal,
371 1575 407 1612 nisi
416 1576 493 1625 excipias
498 1589 538 1624 [paee
543 1576 563 1613 in
568 1575 728 1613 Introductionern

107 1649 158 1674 snam
171 1650 193 1674 en
204 1636 316 1674 abrmdantia
324 1637 407 1673 contulit.
434 1638 463 1674 Ibi
471 1650 513 1674 vero
522 1637 621 1685 composita
634 1635 728 1683 adjectiva,

106 1696 192 1743 ἀξιόθεος,
208 1695 325 1746 ἀξιοπρεπὴς,
334 1707 376 1732 cum
388 1697 450 1733 multis
464 1697 509 1741 aliis,
519 1697 565 1745 Syro
577 1699 629 1744 patre
638 1698 682 1731 nata
690 1706 729 1731 esse

105 1761 172 1807 innuit,
187 1760 230 1809 quia
243 1761 300 1807 radix,
312 1747 347 1815 ig,
359 1763 427 1810 diffletis,
441 1763 554 1812 frequentius
568 1762 616 1811 apud
628 1761 728 1809 Scriptores

108 1824 191 1873 Syriacos
203 1822 281 1859 occurrit
287 1828 299 1859 ⁶.
326 1820 407 1861 discessio
423 1828 450 1861 est
463 1824 485 1861 de
499 1823 613 1872 compositis:
631 1822 729 1871 respondet

108 1883 186 1922 Criticus
201 1883 223 1919 de
236 1896 280 1920 voce
292 1884 374 1932 simplici,
387 1885 435 1932 qiiali
448 1886 518 1922 nullam
533 1885 628 1922 hominum
643 1885 663 1922 in
677 1887 732 1923 terris

108 1945 190 1992 hagnam
199 1943 273 1992 penitus
282 1957 342 1980 carere
351 1945 461 1982 credendum
470 1950 503 1982 est.
530 1945 623 1996 Syriacam
632 1959 679 1992 vero,
688 1960 730 1984 cum

109 2005 191 2054 cognatis
199 2004 266 2053 linguis
276 2005 405 2052 Orientalibus,
414 2007 514 2056 composita
521 2007 604 2056 refugere
613 2008 652 2057 quis
659 2009 730 2046 nescit?

111 2068 184 2105 Graecos
199 2069 267 2111 contra,
281 2069 299 2102 et
313 2067 386 2105 Atticos
400 2069 500 2116 Scriptores
515 2073 558 2105 ante
571 2068 620 2113 alios,
635 2069 689 2106 etah
703 2070 731 2106 his

110 2127 183 2164 edoctos
190 2126 285 2170 Asiaticos,
292 2127 355 2163 eadem
363 2127 383 2163 in
392 2127 460 2164 deliciis
468 2128 548 2165 habere?
567 2126 732 2180 Ἀξιομακάριστου

111 2201 122 2223 a
135 2186 257 2234 Xenophonte
273 2187 349 2224 fortasse
366 2201 429 2225 sonare
441 2189 527 2226 didicerat
544 2190 640 2238 Ignatins,·
656 2204 667 2227 a
681 2190 731 2240 Syris

111 2252 159 2285 certe
167 2245 214 2283 nihil
222 2247 258 2283 tale
267 2246 352 2286 audierat.
631 2262 633 2264 ¹

136 2308 207 2346 Deinde
224 2308 310 2345 admonet
323 2309 400 2358 ignaros,
414 2310 502 2360 privativa
516 2311 563 2360 apud
581 2313 635 2361 Syros
652 2313 731 2360 formari,

111 2377 184 2426 paetino
193 2375 276 2423 negativo
289 2360 306 2424 tl,
316 2377 362 2412 sicut
374 2376 422 2425 apud
429 2377 501 2414 Graecos
510 2378 583 2425 praefixa
593 2380 651 2416 vocali
659 2378 680 2415 sl:
690 2379 733 2416 inde

112 2436 209 2477 Aramaica
217 2436 239 2474 ah
249 2437 318 2486 origine
326 2451 365 2475 esse
373 2439 412 2475 vult
424 2452 535 2488 qiiseeunque
543 2439 648 2488 hujusmodi
660 2427 732 2489 compo-
757 2445 760 2452 ¹

112 2501 148 2537 sita
156 2499 204 2545 apud
210 2499 254 2534 Tres
261 2499 350 2546 Epistolas
357 2504 459 2535 occurrunt.
486 2501 626 2545 Commemorat,
635 2501 683 2536 inter
692 2501 732 2546 alia,

131 2594 137 2607 x
148 2587 190 2617 Phot.
197 2587 234 2616 Bihl.
240 2586 274 2616 Cod.
281 2588 346 2617 ccxxviii.
454 2594 460 2606 ἢ
469 2589 506 2616 lbld.
513 2599 526 2625 p.
534 2590 564 2617 258⁴

131 2632 136 2651 1·
146 2626 189 2656 Hom.
196 2626 226 2655 xix.
234 2625 251 2655 ad
259 2626 292 2663 Pop.
299 2626 365 2656 hntloch.
454 2625 460 2645 l
470 2626 507 2655 ibid.
514 2636 537 2664 pp.
545 2627 576 2663 271,
583 2629 614 2663 280,
620 2629 651 2657 288.

130 2672 135 2685 ²
146 2666 187 2702 eoi-p.
193 2665 225 2701 ign.
233 2674 246 2702 p.
254 2665 285 2700 278,
292 2665 301 2693 l.
311 2666 324 2700 1,
331 2666 343 2694 2.
455 2670 461 2683 ⁰
471 2665 486 2693 P.
493 2666 517 2694 lir.
