1679 2935
226 193 385 221 rsnunossnromsrr
396 192 445 217 nris
456 193 542 218 nisurus.
657 187 698 221 261'

74 289 145 332 vixisse
156 296 191 332 qua
201 280 313 331 Apollinaris
321 284 339 317 et
348 280 439 328 Didymus
447 280 542 324 florebant,
551 281 586 316 hoc
595 284 622 316 est
631 282 694 328 quarto
702 289 757 318 Sannio

75 348 140 387 sacerdo
703 330 753 372 quara>

142 375 145 383 ¹
703 367 753 401 scripti

83 420 84 425 ¹
100 405 149 446 Quid
158 403 206 451 quod
214 402 236 439 ah
246 401 285 438 aliis
295 400 350 437 etiam
359 400 473 437 observatum
482 403 515 444 ost,
523 400 632 448 Gregorium
640 401 696 438 Nari-
703 404 752 436 crana
762 404 778 430 uc

75 477 168 508 anaenmn,
177 464 209 511 qni
224 466 266 497 ante
279 463 335 497 finem
347 460 408 507 quarti
422 460 484 497 saeculi
496 463 579 497 mortuus
594 465 627 504 est,
640 461 695 508 hujus
703 439 778 504 ffipgp

75 524 158 574 Dionysii
171 521 304 571 quamplurima
318 521 427 569 usurpasse?
459 520 516 556 Hand
528 533 586 569 pauca
600 533 644 556 sane
656 512 696 557 loca
702 514 787 582 Ηῇξθῃὲᾐὲἓὲ·

62 588 139 626 ⁴Billius
151 585 172 620 in
183 579 345 620 Observationibus
358 580 508 631 erNanianaeno
521 580 617 629 congessit,
627 584 696 618 etcum
714 562 745 590 „p
784 574 787 581 λ

75 644 190 695 Dicrrysianis
201 641 285 679 contulit.
311 642 442 680 Unum'etiam
451 642 531 680 Dallaeus
540 643 579 691 ipse
589 642 631 679 satis
640 655 694 691 appo-

75 708 109 744 site
117 702 218 742 observavit
223 716 228 747 3
242 705 260 737 ct
269 714 302 749 ego
312 703 443 752 quamplurima
450 703 498 751 apud
505 714 535 738 me
543 703 563 738 in
572 703 648 739 eandem
656 715 695 739 rem

75 752 168 803 observata
176 761 240 799 haheo.
267 764 279 782 “
286 761 322 799 Sed
334 762 438 809 quaeritur,’'
447 762 513 810 inquit,
523 763 534 781 “
540 765 582 799 uter
590 762 613 799 ab
621 765 663 799 utro
672 762 695 799 sit

75 822 186 861 mutuatus.”
199 822 224 858 Et
233 832 266 868 ego
276 821 348 869 quidem
356 821 466 869 Dionysium
475 835 486 857 a
495 822 582 868 Gregorio
591 835 612 857 ea
619 822 694 869 minime
702 830 768 866 Dionysii

74 886 177 921 mutuatum
192 894 231 918 esse
246 881 310 919 credo:
326 880 368 929 quia
381 881 458 928 scriptor
470 881 501 917 ille
516 880 538 917 ah
555 881 595 917 aliis
609 868 777 935 mnibusiiiiiicid

75 943 204 983 Ecclesiasticis
218 942 335 990 scriptoribus
347 943 402 990 plane
415 942 495 979 diversus
509 945 541 988 est,
555 946 574 979 ct
587 942 695 980 suitantum

76 1004 143 1042 similis.
169 1002 236 1040 Omnia
244 1002 302 1040 ferme
311 1001 334 1039 ad
339 1001 457 1040 Neotericam
463 1001 607 1053 Platonistarum
615 1002 695 1040 scholam

75 1063 198 1108 conformavit,
208 1066 226 1098 et
240 1062 321 1101 averhis
333 1066 352 1097 et
362 1075 373 1097 a
382 1063 488 1098 notionibus
502 1063 610 1098 Sanctorum
618 1064 695 1099 Patimm

75 1123 151 1161 manime
164 1121 263 1159 abhorruit.
290 1122 377 1170 Quisquis
388 1125 446 1159 totam
457 1122 521 1171 Operis
533 1123 572 1171 ejus
583 1126 694 1171 compagem,

75 1182 199 1221 admirandam
212 1183 342 1219 sententiarum
351 1195 373 1219 ex
381 1183 498 1232 Philosophia
505 1183 605 1231 petitarum
612 1184 694 1220 rotundi-

74 1247 136 1288 tatem,
146 1245 164 1279 et
172 1243 269 1280 verborum
277 1243 297 1279 in
306 1242 369 1289 eadem
380 1242 446 1279 incude
457 1243 577 1280 formatorum
589 1235 695 1291 perpetuam

76 1302 203 1350 scaturiginem
211 1302 306 1347 observat,
316 1314 411 1350 nunquam
422 1314 444 1337 ex
458 1303 545 1350 Gregorio
560 1306 591 1339 ant
604 1303 639 1338 alio
651 1316 695 1351 qno-

75 1374 145 1411 cunque
154 1361 258 1399 Christiano
271 1375 313 1400 eum
322 1374 354 1398 sua
362 1361 444 1399 hausisse
456 1361 562 1399 autunrabit.
589 1362 625 1401 (lui
634 1366 695 1399 autem

76 1423 187 1460 Nazianzeni
201 1422 297 1459 Orationes
311 1421 395 1466 omnihus
409 1422 475 1459 nativae
490 1423 594 1460 Rhetoricae
606 1423 695 1460 coloribus
702 1426 779 1472 hananae-

76 1483 160 1531 depictas,
174 1487 193 1520 et
207 1483 275 1531 optimo
289 1482 360 1518 dicendi
375 1495 440 1531 genere
455 1482 545 1531 praecipue
561 1483 694 1531 triumphantes
702 1466 769 1533 {ivlffi

75 1543 144 1589 legerit,
154 1543 224 1590 quoties
238 1543 261 1577 ad
272 1542 375 1578 obscuriora
384 1542 466 1589 quaedam
476 1546 494 1577 et
504 1543 563 1589 magis
570 1543 695 1590 philosophica
702 1541 778 1570 character.

77 1602 160 1647 deflectit,
169 1603 222 1640 facile
235 1613 277 1638 eum
289 1602 361 1638 aliunde
374 1602 458 1648 notiones
470 1614 500 1638 eas
509 1602 603 1647 derivasse,
613 1606 632 1638 et
641 1615 700 1650 quam.

75 1662 134 1709 potuit
146 1661 257 1700 lucidissime
268 1661 363 1700 tradidisse
375 1660 467 1699 fatebitru.
488 1662 513 1700 Et
521 1661 554 1699 has
564 1661 637 1710 quidem
649 1675 696 1700 non-

75 1734 169 1771 nunquam
180 1736 202 1760 ex
214 1723 293 1770 antiquis
304 1723 423 1771 Philosophis,
433 1723 498 1771 saepius
507 1726 568 1759 autem
577 1736 599 1759 er
607 1723 699 1772 Dionysio
755 1729 757 1732 ’

75 1787 179 1821 mutuatum
192 1797 230 1820 esse
239 1784 343 1820 oredimus.
359 1780 444 1820 “Contra
458 1784 538 1821 Dallaeus
555 1784 625 1820 duobus
643 1791 696 1833 arguss

75 1843 302 1892 mentis,·Dionysiun1ex
314 1842 431 1879 Nazianzeno
444 1855 477 1879 sua
489 1847 593 1879 mutuatum
606 1855 645 1879 esse
654 1856 696 1879 con-

75 1902 144 1939 tendit:
157 1902 319 1950 quorum'primum
327 1902 425 1939 manifesta
431 1901 515 1950 principii
523 1902 611 1949 petitione
619 1902 695 1950 laborat,

77 1963 94 1997 e't
105 1961 215 2000 levissimam
230 1963 353 2011 conjecturam
365 1962 388 1998 ah
401 1961 441 2011 ipso
452 1961 573 2010 excogitatam
585 1974 618 2010 pro
628 1962 697 2012 ¹sunda-

76 2023 206 2061 rnento'habet.
220 2026 232 2044 “
238 2023 264 2060 At
272 2023 333 2069 vero,’'
338 2022 408 2071 inquit,
418 2024 429 2042 “
435 2035 477 2059 cum
484 2020 538 2071 ‘claris
545 2023 635 2071 certisque
644 2036 699 2071 argu-

77 2082 143 2118 mentis
151 2095 205 2132 supra
213 2083 257 2120 sita
265 2083 317 2120 nohis
326 2082 470 2133 demonstratum
478 2082 606 2131 Areopagitica
614 2095 653 2119 non
661 2082 698 2119 nisi

77 2143 116 2185 post
129 2141 213 2188 quintum
228 2143 315 2179 saeculum
328 2141 384 2178 inisse
399 2142 448 2178 edita
459 2147 484 2178 'ac
498 2143 576 2189 cognita,
590 2142 667 2178 stultum
679 2147 697 2178 et

78 2198 175 2239 absurdum
187 2205 214 2239 est
228 2202 384 2253 Gregorium'am.
392 2204 428 2239 389
439 2206 533 2238 mortuum
543 2203 577 2238 hos
587 2201 643 2238 libros
657 2214 697 2249 per-

77 2259 170 2307 solutasse
186 2263 218 2311 qui
232 2267 310 2300 centum·
323 2266 342 2299 et
354 2262 431 2311 amplius
443 2267 485 2310 post
500 2262 538 2310 ejus
550 2265 627 2298 mortem
644 2262 697 2298 annis

78 2323 128 2355 erant
135 2322 240 2359 nascituri?
266 2323 321 2360 Certe
329 2322 345 2358 si
353 2323 422 2359 Dallaeo
434 2322 529 2372 oredimus,
538 2322 612 2357 centum
620 2321 697 2368 triginta

78 2378 121 2414 anni
131 2384 172 2426 post
183 2380 254 2418 obitum
268 2381 353 2429 Gregorii
367 2380 423 2428 elapsi
436 2384 484 2426 sunt,
499 2379 604 2428 priusquam
616 2376 697 2428 Areopa·
722 2402 729 2413 -,

61 2477 63 2481 ι
77 2435 131 2481 gitioa
146 2439 252 2489 ederentnr3
266 2441 298 2478 sed
309 2441 344 2476 hoc
359 2440 381 2476 ah
397 2452 418 2488 co
433 2442 506 2489 tantum
519 2438 698 2488 dictum-nusquam
792 2431 794 2433 ‚

78 2494 220 2537 demonstratum
234 2505 266 2537 est.
298 2499 335 2537 Qui
347 2499 396 2535 enim
410 2499 500 2536 variarum
514 2499 614 2535 lectionum
627 2499 648 2535 in
663 2501 698 2536 Co·
753 2492 755 2496 ’

78 2553 117 2591 dice
131 2557 243 2608 Dionysiana
256 2566 353 2597 numerum
368 2562 421 2596 aetate
434 2559 513 2596 Maximi
526 2558 652 2604 observaverit)
667 2559 698 2608 qui

77 2615 134 2657 varios
148 2618 262 2672 Scholiastas,
276 2624 320 2669 quos
337 2623 379 2656 ante
396 2619 499 2666 Maximum
513 2620 534 2656 in
548 2620 627 2665 eundem
639 2620 699 2657 Notas
