1679 2935
226 214 250 242 la
262 210 533 242 111111101111111111111111.
656 205 691 242 175

72 313 111 345 tare
120 306 188 343 debuit.
209 305 276 342 Innuit
285 305 334 341 enim
340 304 450 353 Polycarpus
460 303 482 340 ab
490 302 564 350 Ignatio
572 302 592 338 in
601 304 693 350 supremis,

72 370 93 405 11
103 366 187 416 martyrii
197 366 322 411 meditatione,
332 377 353 402 eo
361 365 400 413 ipso
409 368 491 413 tempore
502 364 578 412 scriptas
589 363 650 409 fuisse,
660 376 695 411 quo

73 429 122 464 edita
134 427 236 463 Antiochiae
249 426 296 473 apud
309 426 407 472 [trajanum
420 425 557 472 praeclarissima
569 424 639 460 Christi
652 436 695 459 con-

73 487 156 532 fessione,
173 485 263 534 Principis
279 497 310 521 ore
331 485 354 520 ad
370 484 436 521 bestias
454 484 556 529 damnatus,
576 484 655 520 Romam
673 482 696 517 ad

73 551 151 585 mortem
163 559 196 594 pro
203 546 285 583 Domino
294 546 415 594 oppetendam
426 545 554 582 abducebatur.
581 545 628 581 Cum
639 544 696 591 igitur

74 609 164 646 clarorum
176 606 357 657 pietatejpraesertim
370 619 390 643 ac
398 606 466 644 virtute
478 605 603 654 praestantium
615 604 696 642 virorum

74 670 95 706 11
103 669 195 718 ‘supremis
209 669 266 705 editas
278 681 330 706 voces
341 670 408 716 magna
416 679 459 704 cura
467 667 553 715 excipere,
567 678 642 711 seruare,
651 665 696 702 cele-

75 730 133 775 brare,
142 729 269 777 memoriaeque
277 733 390 777 posterorum
398 728 485 765 mandare
494 727 630 774 soleamus-quo
636 726 696 763 studio

76 789 145 826 aViris
158 789 194 825 illis
209 792 240 825 aut
255 789 340 826 Ecclesiis
349 790 433 836 exceptas
446 799 484 824 esse
496 798 528 835 par
541 790 568 823 est
584 785 697 823 Sanctissimi

75 849 162 899 Martyris
176 850 199 886 ad
214 863 233 886 se
245 850 265 886 in
277 849 321 897 ipsa,
330 854 352 885 ut
365 849 391 885 sic
399 848 464 894 dicam,
474 861 529 884 arena
541 847 616 896 scriptas
628 846 696 891 literas,

76 924 112 959 quo
125 911 228 948 animorum
241 914 293 947 motu
306 911 396 956 recitatas,
412 922 447 958 qua
456 909 531 946 caritate
544 921 586 945 cum
601 908 696 956 1111111111-

76 985 147 1021 cunque
157 971 225 1009 Christi
239 977 307 1009 nomen
321 970 420 1016 colebatur,
433 969 524 1007 'fratribus
538 968 695 1006 communicatas?

78 1034 174 1068 Summum
183 1032 306 1068 Ecclesiarum
317 1032 338 1067 11
351 1032 395 1067 istas
404 1031 495 1078 Epistulas
507 1042 593 1075 amorem,
607 1042 697 1064 summam

77 1091 219 1140 colligendarum
232 1095 250 1128 et
264 1091 393 1127 servandarum
406 1093 424 1126 et
437 1090 485 1138 apud
497 1090 563 1126 fratres
576 1089 696 1125 disseminari·
761 1121 765 1126 .,

77 1152 147 1186 (1111111
159 1164 226 1196 carram,
244 1163 372 1198 summumque
389 1151 475 1184 studiumv
487 1150 542 1183 fuisse
559 1149 603 1183 satis
619 1152 698 1183 testatur

79 1212 97 1246 S.
105 1211 222 1259 Polycarpus,
232 1211 251 1246 S.
259 1210 336 1246 loannis
346 1209 431 1257 Apostoli
441 1208 510 1256 pariter
519 1207 623 1255 discipulus,
633 1207 664 1255 qui
675 1207 698 1243 ab

79 1283 100 1306 eo
111 1271 194 1319 Smyrnae
206 1270 307 1318 Episcopus
319 1269 419 1314 ordinatus,
432 1267 488 1304 totius
500 1267 550 1305 Asiae
561 1267 651 1316 princeps,
664 1267 699 1316 ipsi

79 1331 153 1378 Ignatio
161 1330 256 1366 familiaris
264 1330 305 1376 fuit,
312 1330 343 1378 qui
352 1329 405 1366 docet
413 1341 432 1365 se
441 1341 452 1365 a
460 1329 607 1377 Philippensibus
615 1332 699 1376 rogatum

79 1387 142 1425 omnes
151 1389 221 1437 Ignatii
232 1389 329 1438 Epistolas,
338 1400 455 1437 quascunque
465 1388 513 1436 apud
525 1400 544 1423 se
555 1388 636 1433 haberet,
646 1388 699 1423 colle-
739 1428 742 1438 ἰ

80 1450 132 1498 gisse,
142 1462 208 1498 easque
217 1449 240 1485 ad
249 1449 298 1498 ipsos
309 1449 338 1485 his
350 1448 387 1485 suis
397 1448 455 1484 literis
467 1448 556 1496 subjectas
568 1447 657 1484 amittere.v
672 1448 701 1484 Ex

79 1510 108 1547 his
121 1510 165 1547 satis
177 1523 227 1547 nuuc
236 1514 308 1547 constat
321 1509 361 1546 illas
370 1509 460 1558 Epistolas
470 1522 514 1557 quas
526 1499 597 1557 scripsit
608 1508 699 1557 Ignatius,

81 1583 124 1618 quas
135 1570 216 1618 collegit,
230 1574 248 1606 et
262 1569 319 1606 edidit
332 1569 448 1618 Polycarpus,
464 1582 502 1606 non
515 1569 595 1617 potuisse
609 1582 647 1606 non
662 1582 700 1607 esse

26 1623 28 1627 Α
80 1630 129 1664 illius
141 1634 159 1664 et
174 1629 259 1676 proximae
272 1629 356 1676 deinceps
369 1629 462 1663 memoriae
470 1629 583 1672 Christianis,
598 1629 700 1675 praesertim

80 1700 123 1726 uero
137 1688 214 1725 literatis
229 1691 248 1725 et
263 1688 345 1733 eruditis,
361 1688 419 1735 siqui
434 1691 501 1732 essent,
514 1688 625 1724 notissimas.
651 1688 700 1726 1111111

82 1749 129 1797 quod
142 1749 180 1785 haec
194 1749 233 1796 ipsa
247 1749 265 1785 S.
275 1748 370 1797 Polycarpi
382 1748 470 1796 Epistola,
486 1761 522 1796 qua
535 1748 634 1796 Ignatiana
644 1751 700 1784 vtant-

82 1821 135 1857 opere
141 1808 291 1857 praedicabantiu,
298 1808 373 1857 pertria
380 1808 452 1856 integra
458 1808 524 1845 saecula
531 1808 551 1844 11
557 1807 702 1845 couventuAsiae

81 1869 153 1918 publice
167 1870 265 1918 legeretur,
279 1882 314 1918 qua
327 1881 398 1906 summa
410 1868 556 1906 eommutilitas
569 1869 712 1915 inculcabatur,v

82 1930 174 1978 animique
186 1930 287 1975 hominum,
298 1930 410 1978 scriptorum,
422 1929 478 1966 fidem
488 1929 587 1978 antiquam,
601 1934 620 1966 et
632 1931 703 1979 patien-

82 1991 132 2036 tiam,
150 1994 169 2027 et
185 1990 325 2028 aedificationem
343 1990 482 2036 continentium,
500 1990 599 2038 cupiditate
615 1994 703 2038 perpetuo

83 2050 234 2088 accendebantur.
261 2051 284 2088 Si
293 2050 351 2100 igitur
363 2050 398 2087 alia
406 2054 425 2087 et
437 2053 520 2087 anostra
526 2050 596 2087 diversa
606 2050 641 2087 fuit
650 2051 704 2100 Poly-

84 2113 134 2162 carpi
149 2112 251 2161 συναιγωγῆ,
268 2113 284 2150 si
292 2113 337 2167 'aliae
350 2113 437 2163 Epistolae
450 2112 519 2161 Ignatii
534 2112 604 2149 fuerint
617 2125 661 2162 quas
674 2113 705 2149 ille

84 2174 162 2222 collegit,
171 2178 190 2211 et
202 2175 245 2211 suisv
251 2174 308 2212 literis
320 2174 459 2219 commendavit,
468 2177 488 2211 et
496 2174 644 2222 Philippensibus
657 2187 705 2211 com-

28 2250 29 2253 *
84 2234 189 2280 municavit,
199 2239 297 2283 quam‘eae,
310 2247 354 2282 quas
366 2247 400 2271 nos
412 2234 501 2271 habemus
510 2237 528 2271 et
541 2238 584 2271 ante
596 2247 629 2271 nos
641 2234 706 2271 habuit

84 2294 185 2340 Eusebius,-
199 2294 235 2331 illae
243 2297 292 2331 certe
300 2299 322 2331 ut
329 2294 373 2332 viris
381 2293 458 2330 literatis
469 2293 559 2342 praecipue
568 2296 622 2342 atque
631 2293 705 2330 eruditis

48 2367 50 2369 ’
84 2354 191 2401 notissimae,
203 2367 235 2403 per
247 2355 309 2392 omnia
317 2355 349 2391 illa
357 2355 422 2391 saecula
430 2354 530 2402 praesertim
539 2353 605 2401 quibus
611 2353 706 2400 Polycarpi

86 2414 168 2464 Epistola
179 2415 199 2452 in
209 2414 294 2453 Asiaticis
306 2414 392 2451 Ecclesiis
405 2419 448 2451 sane
460 2413 579 2451 nobilissimis
591 2412 705 2462 personabat,

85 2475 220 2514 innotescerent
234 2480 288 2526 atque
305 2479 446 2525 agnoscerentur
462 2482 538 2512 necesse
551 2474 592 2511 fuit.
617 2474 641 2511 In
654 2477 708 2517 tanta

87 2536 219 2579 existimatione
228 2551 270 2575 cum
281 2538 340 2586 primo
349 2537 423 2582 ineunt,
432 2539 486 2573 tanta
494 2548 537 2572 cura
549 2538 602 2583 atque
614 2535 675 2572 studio
683 2535 706 2572 ab

87 2595 169 2632 Ecclesia
180 2598 204 2634 ad
211 2599 312 2637 Ecclesiam
323 2597 439 2643 transmissae,
447 2600 486 2634 tam
498 2596 575 2645 publica,
584 2600 658 2644 tamque
666 2609 707 2644 per-

86 2657 143 2703 petua
149 2659 321 2698 commemoratione
327 2662 397 2698 ornatae
403 2662 457 2708 atque
463 2657 566 2708 posteritati
571 2657 707 2703 commendatae,
