1679 2935
191 665 280 701 ooniuo
297 665 377 701 suarna
394 647 532 723 nurannuoo

256 802 285 848 D.
303 801 470 859 GILBERTO,

68 948 224 981 irnoulurrsooro
234 950 388 989 Olurunuluusr,
398 952 468 983 acrius
478 951 559 982 audiun]
569 952 656 982 Pltllld'l'l.

84 1228 128 1265 CUM
148 1229 256 1267 Anastasius
271 1228 397 1266 Antiochenus
418 1230 441 1266 ad
459 1229 568 1277 Gregorium
585 1231 677 1279 Magnum

51 1288 157 1340 scripsisset,
164 1294 183 1326 et
193 1290 211 1326 S.
219 1289 288 1339 lgnatii
296 1289 395 1326 clausulam
404 1290 490 1339 Epistola
500 1302 537 1326 suae
546 1290 676 1340 subjunxisset,

51 1350 128 1387 candem
141 1363 178 1388 suae
194 1352 249 1388 etiam
266 1352 365 1399 Gregorius
379 1352 477 1398 subtexuit,
493 1355 514 1392 et,
524 1352 572 1388 hanc
586 1354 677 1390 rationem
720 1376 723 1386 ι

50 1411 136 1464 reddidit,
151 1412 242 1461 quianon
257 1416 325 1450 tautam
340 1416 397 1450 voster
411 1417 443 1458 cst,
460 1414 492 1450 scd
508 1417 525 1449 ct
541 1417 616 1452 austera.
647 1416 677 1452 Ita

51 1472 156 1510 Occidentis
166 1477 185 1510 ct
197 1474 277 1511 Orientis
286 1474 397 1511 Patriarchac
409 1487 442 1522 pro
456 1475 570 1512 sanctissimo
582 1476 614 1513 illo
628 1476 676 1513 Prae-

51 1535 89 1571 sule
103 1538 121 1571 et
135 1536 218 1584 Martyre
231 1536 280 1572 inter
293 1548 312 1572 se
326 1536 467 1574 contendebant.
493 1536 531 1574 Alii
544 1537 601 1586 liujus
615 1538 677 1575 saeculi

50 1607 114 1640 mores,
128 1595 168 1631 aliae
181 1595 334 1632 concertationes:
349 1599 367 1632 et
381 1596 430 1633 docti
443 1601 462 1633 et
475 1597 550 1642 indocti,
564 1601 583 1634 et
596 1598 646 1635 domi
659 1602 677 1635 et

50 1655 99 1700 foris,
108 1656 247 1703 pretiosissimas
255 1655 304 1692 illius
313 1656 401 1705 Martyris
412 1658 498 1705 reliquias
510 1658 620 1695 convellunt.
646 1659 677 1695 Ad

51 1716 113 1753 sedem
124 1717 181 1766 igitur
189 1720 268 1755 vestram
276 1717 454 1766 Archiepiscopalem
469 1717 550 1766 confugit
561 1719 601 1766 ipse
609 1719 676 1756 Archi-

51 1777 150 1826 cpiscopus,
160 1782 179 1816 et
187 1779 222 1816 hoc
230 1792 289 1816 uuum
299 1778 391 1826 efflagitat,
400 1792 424 1815 ne
432 1792 465 1826 pro
473 1779 571 1826 impostore
579 1779 674 1818 habeatur.

50 1838 84 1883 ru,
94 1839 124 1875 cui
136 1839 184 1888 apud
194 1851 228 1875 nos
242 1839 276 1875 sub
289 1839 339 1887 Rege
350 1839 430 1875 maximo
442 1852 514 1876 summa
522 1839 543 1875 in
551 1840 626 1888 negotio
634 1841 676 1877 reli-

51 1899 109 1947 gionis
118 1904 137 1937 et
145 1913 189 1937 cura
199 1903 217 1937 et
227 1902 313 1949 potestas,
323 1899 412 1948 singulari
422 1900 458 1937 Dei
469 1899 588 1948 providentia,
597 1901 676 1938 meritis-

51 1961 96 1998 simo
107 1962 203 1999 commissa
215 1965 248 2007 est,
259 1961 290 2010 qui
302 1960 403 1997 Ecclesiam
413 1965 496 2008 nostram
508 1960 593 1998 aduersus
605 1962 676 1999 exulce-

50 2025 99 2059 ratos
110 2023 206 2059 hominum
218 2023 293 2067 animos,
303 2025 322 2058 et
334 2022 509 2058 luctuosissimorrnn
520 2025 624 2070 temporum
631 2023 676 2060 titio

52 2088 114 2120 erratas
125 2083 236 2129 inimicitias,
248 2082 350 2131 prudentie
364 2083 477 2120 incredibilis
492 2083 600 2120 auctoritate
612 2084 675 2129 tueris,

35 2145 36 2148 ’
51 2147 90 2179 tam
97 2144 205 2192 praeclarum
210 2135 295 2192 ,pristinae
304 2143 429 2191 simplicitatis,
439 2141 510 2180 cumin
519 2143 602 2179 doctrina
609 2144 676 2181 Catho-

1 2228 3 2230 ψ
51 2203 91 2250 lica,
97 2207 138 2240 tum
145 2204 165 2240 in
174 2203 270 2252 disciplina
278 2203 410 2249 Ecclesiastica,
417 2207 559 2240 monumentum
567 2203 590 2239 ab
598 2204 676 2252 ingeniis

51 2265 167 2303 maleferiatis
174 2265 263 2311 ventilari,
273 2264 369 2313 Epistolas,
377 2264 398 2301 in
405 2265 481 2302 runculis
492 2264 541 2301 inter
549 2264 676 2301 ferocientium

51 2323 131 2362 militnm
142 2337 208 2362 manns
220 2327 239 2361 et
251 2336 344 2361 carcerum
357 2325 449 2373 angustias
461 2324 522 2361 animo
535 2325 676 2372 praesentissimo

25 2425 28 2429 .
51 2389 138 2433 exaratas,
152 2388 240 2435 tanquam
253 2384 359 2422 invenustus
375 2384 432 2434 rejici,
446 2384 544 2422 haeresium
560 2387 601 2422 tum
617 2385 676 2434 primo

51 2451 160 2494 exortarum,
170 2451 189 2483 et
199 2459 250 2483 nunc
264 2447 337 2482 demum
350 2446 506 2494 repullulantium,
517 2446 676 2494 Schismaturnque

51 2507 173 2544 certissimum
190 2507 292 2544 remedium
306 2506 397 2553 extirpari,
412 2506 478 2543 faciem
495 2505 574 2554 denique
591 2507 677 2543 Ecclesiae

51 2565 147 2611 primitivae
161 2567 259 2604 clarissime
273 2569 428 2614 repraesentatam,
445 2565 538 2614 deturpari
551 2569 570 2602 et
585 2565 677 2603 obliterari

120 2646 126 2659 ‘¹
136 2641 178 2680 (trag.
185 2642 234 2680 Magn.
241 2642 286 2681 llpist.
293 2640 325 2670 Lib.
332 2640 351 2670 iv.
358 2639 384 2678 up.
392 2639 413 2671 37.
423 2640 457 2671 Vid.
464 2641 497 2670 infr,
504 2639 564 2669 Proca.
572 2649 583 2669 c.
591 2640 610 2669 vi.

493 2699 505 2726 r
518 2692 529 2726 2
