1747 2957
155 212 191 248 148
328 222 456 252 nncormnrnu
467 223 479 250 r
491 222 604 251 rnsnriouns
623 248 625 251 ,

156 325 190 360 sos,
199 313 215 351 si
223 315 277 353 simul
285 316 372 365 cogitaret
380 316 445 354 iisdem
454 317 557 354 Canonibrrs
566 317 668 353 Romanam
676 313 776 352 Ecclesiam

157 375 277 423 gubernatam
294 379 344 415 esse?
371 379 418 416 Cum
433 379 490 427 igitur
506 379 607 426 aliquorum
624 381 666 415 ante
683 375 775 415 Gelasium

156 436 273 484 Pontificum,
289 442 308 482 et
321 438 378 486 ipsius
393 439 448 475 etiam
464 427 532 476 Golasii
544 440 623 475 Decreta
637 451 658 474 er
671 430 776 474 Canonibus

156 497 266 546 Apostolicis
280 500 374 549 desumpta
387 501 429 547 sint,
438 513 480 538 curn
493 501 600 550 paulopost
613 500 681 538 Gelasii
692 502 775 543 mortem,

158 559 241 598 Canones
253 561 281 598 illi
292 565 353 612 atota
362 562 444 599 Romana
452 563 533 600 Ecclesia
545 562 613 612 recepti
626 562 667 608 sint,
677 561 775 598 Decretum

157 620 204 657 illud
217 634 252 669 quo
265 622 285 658 lri
294 623 377 659 Canoucs
386 627 454 660 aeterua
462 624 578 661 damnatione
591 623 672 660 damnati
682 624 730 665 sunt,
740 620 776 656 Ge-

157 680 202 718 lasio
211 681 264 729 Papae
273 682 329 718 tribui
337 671 448 729 nonpotest.
464 709 466 711 -

65 741 120 770 Auctor
182 740 272 775 Practerea
284 740 324 776 lrrec
337 741 392 782 rerba
405 742 505 778 Auctorem
519 743 594 780 Decreti
605 742 676 779 Gelasio
683 741 779 790 'juniorem

64 778 141 846 &afflinem
157 800 232 837 omnino
244 799 375 837 demonstrant.
403 802 458 837 “Sed
471 805 489 838 et
503 803 518 838 si
532 816 567 850 qua
580 805 623 839 suut
632 802 714 839 Concilio
725 802 778 838 aSS.

62 855 119 892 junior:
157 860 242 898 Patribus
257 862 345 898 hactenus
361 862 452 908 instituta,
466 867 508 911 post
521 863 595 899 illorum
609 866 686 911 quatuor
701 863 778 900 auctori-

157 925 215 959 tatem
223 926 242 959 et
251 922 368 959 custodienda
376 927 395 960 et
403 923 506 974 recipienda
515 923 644 960 decrevimus¹³
665 924 693 961 De
703 927 779 972 quatuor

159 983 278 1021 Generalibus
287 984 373 1022 Conciliis
382 989 425 1022 ante
436 985 512 1030 locutus,
522 984 545 1021 de
557 984 631 1032 reliquis
644 987 685 1031 post
698 996 719 1020 ea
733 984 778 1020 cele-

158 1044 214 1080 bratis
234 1044 277 1091 agit,
299 1044 424 1092 minoremque
445 1045 467 1081 iis
487 1035 614 1081 auctoritatem
630 1043 709 1089 tribuit,
724 1044 780 1092 ⁴quod

64 1099 137 1175 iiiiiiex
158 1104 233 1141 omnino
249 1104 328 1153 intelligi
345 1105 399 1142 debet
417 1105 439 1142 de
457 1106 541 1143 Conciliis
559 1117 600 1153 qnae
616 1105 724 1142 videbantur
741 1116 779 1141 esse

66 1177 143 1214 modoque
160 1166 268 1204 Generalia:
288 1167 340 1204 aliter
354 1167 401 1204 nihil
415 1167 487 1205 diceret.
513 1167 540 1204 At
556 1170 609 1204 aetate
624 1166 692 1204 Gelasii
708 1166 780 1203 nullum

68 1215 201 1281 fffififfgflepost
214 1227 360 1264 Clralcedonense
371 1227 473 1265 Concilium
487 1227 598 1264 celebratum
611 1231 638 1264 est
652 1227 700 1276 quod
713 1227 733 1263 in
746 1240 781 1263 urr-

67 1291 122 1335 rauous
160 1298 210 1324 mero
220 1287 337 1324 Generalium
348 1287 392 1336 poni
402 1288 468 1337 potuit.
494 1287 563 1324 Auctor
576 1287 632 1336 igitur
643 1286 698 1336 lrnjus
707 1286 782 1324 Decreti

67 1329 140 1366 loquitur:
161 1348 235 1384 omnino
247 1352 287 1396 post
296 1348 501 1396 Corroiliumquintum,
513 1349 550 1385 sive
559 1348 781 1395 Constantinopolitanum

161 1408 261 1443 secundum
269 1408 344 1457 scripsit.
370 1409 399 1445 De
410 1408 441 1444 illo
455 1408 504 1444 enim
517 1407 548 1445 diu
561 1407 666 1445 dubitanter
674 1408 730 1445 locuti
739 1412 782 1445 sunt

161 1459 229 1515 Latini,
243 1481 277 1506 nec
289 1468 337 1517 paris
353 1481 394 1505 cum
409 1472 486 1518 quatuor
499 1459 612 1505 auctoritatis
628 1462 671 1505 esse
678 1469 780 1514 >voluerunt.

162 1530 259 1578 Gregorius
268 1530 284 1567 I.
303 1530 349 1567 “De
361 1529 393 1566 illa
403 1534 465 1566 tamen
480 1529 559 1577 Synodo,
572 1541 612 1577 quae
625 1529 782 1577 Constantinopoli

160 1591 277 1639 postmodum
287 1590 336 1628 facta
347 1594 379 1637 est,
390 1602 430 1639 quae
443 1603 454 1627 a
464 1589 527 1627 multis
537 1589 607 1628 Quinta
615 1590 726 1635 nominatur,
736 1590 782 1627 scire

160 1663 191 1687 vos
199 1651 258 1687 volo.''
284 1651 302 1687 A
312 1651 375 1687 multis
388 1650 444 1698 igitur
457 1662 495 1687 aero
505 1649 594 1697 Gregorii,
608 1662 646 1686 uon
658 1649 681 1685 ab
693 1649 782 1695 omnibus,

162 1711 231 1749 Guinta
244 1701 342 1758 dicebatur,
352 1715 371 1748 ct
380 1711 478 1757 cumidem
487 1711 585 1759 Gregorius
595 1710 617 1747 de
627 1710 697 1760 Synodi
707 1710 782 1748 Chalce-

161 1772 245 1810 donensis
259 1773 367 1810 auctoritate
381 1772 460 1819 dixisset,
470 1772 492 1809 de
504 1771 568 1820 quinta
580 1772 620 1809 hac
632 1772 695 1809 statim
707 1772 782 1808 addidit.

162 1834 229 1871 “Nam
239 1833 322 1883 Synodus
335 1846 374 1883 quae
387 1836 429 1882 post
442 1846 482 1870 eam
495 1832 604 1881 generaliter
614 1832 663 1869 facta
675 1836 707 1879 est,
716 1832 783 1870 idcirco

162 1895 233 1931 anobis
242 1895 334 1943 recipitur,
344 1895 386 1943 quia
398 1895 480 1943 ejusdem
494 1894 563 1943 Synodi
576 1895 596 1929 in
610 1894 693 1930 omnibus
707 1906 784 1942 sequens

161 1958 245 1991 tenorem
252 1955 301 1992 illius
311 1955 438 1992 arroteritatem
447 1954 545 1992 cnstodit.'⁷
562 1954 650 1998 Isidorus,
658 1953 720 1991 libri.
738 1954 784 2002 Ety-
839 1952 842 1955 ’

163 2015 206 2053 mol.
222 2027 236 2052 c.
246 2016 276 2053 16,
299 2018 311 2035 “
320 2015 355 2053 Hae
370 2019 413 2053 suut
422 2018 506 2064 ¹quatuor
521 2015 591 2064 Synodi
608 2014 725 2065 Principales,
742 2014 785 2052 fidei

165 2075 266 2112 doctrinam
273 2076 377 2123 plenissime
385 2077 511 2123 predicantes.
537 2076 601 2113 Sedet
610 2077 626 2112 si
638 2089 674 2124 qua
685 2080 728 2112 sunt
737 2077 784 2113 Cou-

165 2135 207 2173 cilia
215 2147 255 2183 qnae
264 2135 297 2172 SS.
305 2136 367 2172 Patres
377 2135 447 2183 Spiritu
454 2135 490 2172 Dei
497 2135 547 2183 pleni
556 2140 655 2182 sanxerunt
663 2140 704 2184 post
712 2136 786 2173 illorum

165 2199 243 2244 quatuor
254 2194 380 2231 auctoritatem
393 2195 443 2230 omni
450 2199 530 2231 manent
543 2195 623 2243 stabilita
633 2196 713 2243 rigore.”
740 2196 785 2233 Quis

164 2269 203 2293 non
210 2256 260 2293 ridet
268 2256 306 2292 haec
315 2254 437 2303 eademquasi
446 2258 510 2301 mente
520 2255 578 2300 scribi,
589 2268 624 2304 qna
636 2255 668 2291 illa
676 2255 697 2291 iu
708 2255 786 2301 Decreto

165 2317 261 2355 Gelasiano
271 2316 409 2355 scribebantur?
418 2316 419 2319 ’
434 2316 475 2353 Nec
483 2316 586 2364 teotgario·
594 2328 628 2353 nec
635 2316 667 2353 illa
676 2320 718 2354 ante
728 2317 786 2357 Cuiu-

163 2383 203 2415 tam
212 2377 307 2428 Synodum
316 2377 383 2426 scripta
393 2376 449 2413 fuisse
459 2377 562 2425 putandum
572 2369 612 2413 ests
630 2377 746 2415 Cassiodorus
756 2378 787 2427 qui

164 2443 205 2489 post
219 2439 318 2484 Gelasium,
333 2442 376 2474 ante
390 2438 419 2474 vel
435 2438 484 2474 circa
499 2437 593 2487 Synodum
609 2437 698 2475 Guintanr
711 2440 787 2487 scripsit,

166 2500 249 2539 cuatuor
261 2504 334 2537 tantum
348 2499 454 2546 nominavit,
469 2500 491 2536 de
506 2497 637 2547 posterioribus
651 2498 699 2535 nibil
713 2500 787 2538 omnino
833 2508 836 2511 '

166 2560 250 2600 addidit⁵.
586 2603 588 2605 ,

191 2623 274 2671 Denique
287 2623 364 2672 legimus
377 2623 397 2660 in
409 2623 493 2669 Decreto,
504 2621 571 2659 “ltem
585 2621 677 2670 Scriptura
689 2622 711 2660 de
720 2623 788 2663 quen-t

402 2701 407 2715 ⁵
416 2696 465 2726 Diuin.
472 2696 501 2725 Lit.
511 2705 522 2725 c.
529 2696 549 2724 xi⁴
