1747 2957
56 633 90 663 Alia
97 636 118 664 ert

55 671 122 709 Synodus

55 711 82 749 sub
90 712 130 741 Gela-

56 748 81 783 sio,
88 749 128 786 cujus

55 785 92 815 Acta
101 796 123 816 ex-

55 826 97 853 stant,

150 214 186 251 mo
325 223 452 253 ruccnnurun
464 225 476 253 n
487 225 600 253 rnsrrnouns

148 314 234 352 habitum
251 314 305 353 fuisse
323 316 430 364 Concilium,
448 317 479 367 qui
494 317 598 366 nuperrime
612 316 707 366 'divulgato
723 317 772 366 operi

149 376 257 426 praeclarum
266 377 355 416 dederunt
363 378 506 417 testimonium.'’
520 379 545 416 Et
553 382 602 416 certe
610 379 652 416 ita“
658 378 771 428 putandum''

150 442 203 484 esset,
212 439 227 475 si
236 444 285 476 certo
298 443 391 477 constaret
399 454 411 477 a
419 441 492 478 Gelasio
500 446 519 478 et
528 441 603 491 Synodo
616 442 654 490 ejus
662 441 697 478 hoc
705 441 772 478 Decre-

149 503 190 536 tum
198 500 268 537 editum
279 500 334 537 scrisse
338 516 344 546 3
358 505 377 537 at
384 501 420 539 hoc
427 515 466 539 non
473 503 532 552 magis
539 502 640 552 posteriori,
650 514 705 551 quam
716 502 772 550 priori

149 560 224 596 biennio
236 562 323 607 competit
328 576 333 605 3
345 574 390 596 nam
399 575 440 597 ecce
449 575 497 598 anno
505 563 586 611 proximo
595 562 631 598 sive
640 563 695 609 liujus
703 561 772 597 biennii

149 620 214 669 primo,
225 621 259 657 sub
271 621 347 659 Victore
360 622 439 659 Consule
452 622 487 659 alia
502 622 585 672 Synodus
600 634 611 658 a
625 620 696 659 Gelasio
709 621 775 657 Romae>

150 684 260 729 congregata
269 674 296 718 est
303 681 434 731 Episcopcrum
442 696 480 720 non
484 683 524 721 Lxx
531 684 609 732 quidem,
618 683 649 720 scd
658 683 690 721 In.
711 683 772 731 Hujus

151 741 220 789 Synodi
228 741 277 777 Acta
285 745 357 778 exstant
362 756 367 786 ;
380 736 414 779 nec
422 743 443 778 in
451 743 473 779 iis
485 744 544 780 ullum
553 745 628 792 hujusce
637 743 711 781 Decrcti
719 743 773 781 vesti-

149 801 199 848 gium
208 804 287 848 apparet.
300 801 394 837 Postremo
401 802 468 838 Gelasii
475 816 522 840 anno
529 805 613 852 Synodus
621 805 676 850 nulla,
685 808 773 852 quantum

148 861 236 907 novimus,
249 866 311 899 coacta
324 865 361 907 est3
374 865 396 899 ut
409 874 419 898 a
433 863 506 910 Synodo
522 863 581 910 aliqua
595 864 691 900 Gelasiana
704 864 772 900 editum

147 915 202 959 fuisde
212 921 247 959 hoc
255 922 356 959 Decretum
368 921 422 971 plane
434 922 540 960 incredibile
549 923 577 961 sit,
603 923 691 960 Nicolaus
700 925 773 972 quidem

148 983 170 1020 dc
180 983 228 1021 Cusa
236 982 259 1020 dc
268 983 370 1022 Concordia
378 983 473 1022 Catholica
483 983 515 1022 lib.
523 984 542 1022 ii.
552 997 567 1023 c.
574 987 603 1023 ll.
613 985 652 1023 haec
660 997 683 1022 cx
691 986 773 1023 Concilio

147 1045 234 1082 Toletano
245 1048 327 1094 tempore
341 1044 441 1094 Sysevandi
449 1044 505 1093 Regis
515 1045 611 1090 celebrato,
620 1058 659 1093 cap.
667 1047 712 1083 17¹³.
722 1046 773 1090 citat,

149 1107 161 1142 ἵ(
167 1105 285 1156 Apocalypsis
298 1105 366 1143 librum
379 1105 479 1143 maritorum
496 1106 620 1144 Concilionun
634 1106 739 1152 auctoritas,
754 1111 773 1144 et

150 1167 242 1214 Synodion
250 1168 284 1203 SS.
293 1168 418 1203 Romanorum
430 1167 533 1204 Praesulum
545 1167 618 1204 decreta
626 1167 703 1204 Joannis
712 1168 772 1204 Evam

151 1226 220 1275 gelista
229 1239 268 1264 esse
276 1226 386 1271 describunt,
396 1230 414 1263 ct
422 1227 471 1263 inter
480 1226 549 1264 divinoe
561 1226 617 1264 libros
626 1227 774 1263 constituendum

151 1287 262 1329 decreverun
271 1288 289 1332 ,’⁷
297 1291 315 1324 et
322 1286 366 1324 inde
374 1287 448 1337 colligit,
454 1290 466 1308 “
472 1287 620 1337 approbationem
628 1288 730 1335 Librorum,
737 1301 776 1338 quae

152 1349 225 1385 Gelasio
242 1349 297 1397 Papae
314 1349 413 1394 ascribitur,
430 1349 485 1385 fuisse
503 1349 632 1398 Synodicarn.’'
662 1349 698 1386 Sed
711 1350 746 1386 hcc
761 1349 776 1386 si

127 1406 129 1412 ‘
153 1409 226 1445 aliunde
234 1421 272 1445 non
281 1412 357 1454 constet,
367 1412 416 1446 certe
424 1408 467 1446 binc
480 1412 562 1446 constare
570 1422 608 1446 non
616 1413 680 1460 potest.
707 1410 776 1446 Gelasii

152 1469 202 1510 enim
210 1481 249 1506 non
257 1468 349 1514 meminit,
357 1472 375 1505 et
384 1469 415 1504 alii
424 1468 521 1505 Pontifices
529 1469 607 1505 Romani
614 1470 707 1506 Cononem
716 1471 776 1506 edide-

151 1533 199 1575 rant,
213 1543 248 1578 quo
262 1530 308 1567 liber
320 1530 453 1578 Apocalypseos
465 1531 585 1578 reciperetur:
599 1533 617 1566 et
630 1530 729 1567 Decretum
742 1531 776 1568 hoc

151 1592 199 1628 illius
208 1592 285 1628 Concilii
296 1596 377 1640 tempore
386 1595 456 1628 exstare
464 1591 528 1638 potuit,
537 1592 567 1628 vel
579 1591 612 1627 sub
625 1591 694 1628 Gelasii
701 1592 730 1628 vel
742 1593 776 1628 sub

151 1652 226 1688 alterius
239 1650 337 1688 Pcntificis'
346 1651 426 1697 nomine,
435 1663 479 1687 nam
491 1646 593 1688 Concilium
606 1647 653 1687 illud
665 1651 776 1688 celebratum

152 1715 179 1748 est
187 1712 269 1759 pluribus
278 1722 333 1759 quam
340 1712 375 1747 140
385 1712 437 1747 annis
446 1714 574 1759 postmortem
583 1710 657 1756 Gelasii,
666 1723 690 1747 sc.
697 1720 733 1747 itu.
741 1713 777 1748 633

152 1784 190 1810 nou
202 1772 237 1810 582
246 1775 267 1809 nt
275 1772 333 1809 noluit
342 1772 432 1809 Cusanus.
456 1771 491 1808 Illo
501 1774 562 1808 autem
571 1783 608 1808 aevo
617 1772 711 1820 Cauoncm
717 1771 778 1820 Scrip-

153 1837 237 1870 turarum
243 1833 277 1870 sub
284 1832 359 1870 nomine
366 1832 434 1870 Gelasii
438 1833 493 1880 Papae
501 1832 591 1869 exstitisse
597 1845 635 1868 non
643 1833 777 1870 estverisimile.

153 1895 242 1932 Nicolaus
251 1894 301 1931 enim
309 1895 364 1943 Papa,
371 1894 392 1931 in
400 1894 484 1943 Epistola
490 1893 513 1930 ad
519 1893 668 1942 Archiepiscopos
677 1896 695 1930 et
703 1893 780 1942 Episcon

153 1968 186 2002 pos
196 1968 229 2002 per
242 1955 311 1992 Gallias
323 1955 437 2001 constituros,
447 1954 527 1991 Canonis
539 1953 644 1989 Innocentii
653 1956 729 2003 tantum
740 1966 778 1990 me-

154 2015 214 2060 minit,
223 2027 261 2052 non
270 2019 331 2065 autem
337 2015 415 2068 Gelasii:
429 2014 510 2063 quamvis
517 2013 537 2050 iu
546 2013 610 2050 eadem
618 2014 699 2062 Epistola
705 2014 779 2052 Decreti

156 2074 249 2112 Gelasiani
262 2075 372 2112 meminerit.
399 2078 410 2095 “
418 2075 454 2112 Sed
468 2075 572 2124 responsuri
587 2080 630 2112 sunt
646 2075 696 2122 istiss’
712 2075 778 2125 inquit,

96 2154 97 2157 ¹
115 2153 117 2157 ’
149 2138 168 2170 ,“
177 2136 209 2187 qui
220 2148 261 2173 non.
271 2136 294 2172 ad
305 2135 426 2172 obediendum
436 2135 497 2183 potius
509 2135 595 2183 quemad
606 2135 726 2182 resistendum
736 2141 780 2173 sunt

139 2230 140 2233 ,
155 2197 221 2246 parati,
235 2196 310 2242 aientes,
327 2197 381 2234 Quod
394 2196 442 2232 inter
456 2196 540 2232 Cancnes
557 2195 660 2232 inveniatur
675 2196 780 2243 Capitulum

157 2259 176 2294 S.
189 2258 243 2305 Papae
260 2255 378 2301 Iunocentii3
400 2255 451 2303 cujus
468 2255 576 2302 auctoritate
597 2254 710 2305 doceatur-*a
726 2257 780 2293 nobis

156 2323 254 2367 utrumque
263 2318 401 2355 Testamentum
409 2327 448 2352 esse
460 2315 590 2363 recipiendum,
600 2327 703 2364 quanquam
710 2316 731 2353 in
738 2316 783 2366 ipsis

155 2380 236 2431 paternis
245 2374 355 2417 Cancnibus'
362 2378 434 2414 nullum
446 2389 509 2413 eornm
519 2388 543 2422 ,ex
551 2379 590 2413 toto
599 2376 714 2414 contineatur
722 2377 781 2415 inser·

156 2441 215 2478 'cums’
238 2440 309 2479 Quibus
317 2438 377 2487 verbis
384 2437 414 2475 uti
421 2440 472 2487 patet
481 2436 553 2474 Canoni
562 2436 640 2474 Concilii
646 2437 751 2484 Laodiceni,
760 2443 782 2475 ut

157 2502 205 2549 apud
210 2501 286 2538 Latinos
292 2501 399 2545 habebatur,
405 2499 461 2535 libros
468 2499 486 2534 S.
494 2498 593 2546 scripturae
598 2510 637 2533 non
642 2497 698 2534 flasse
705 2498 781 2545 additos,

158 2565 189 2598 aut
197 2560 320 2610 Apocalypsin
331 2560 380 2598 inter
393 2571 423 2597 cos
435 2561 552 2596 numeratam
564 2569 602 2594 non
613 2556 678 2594 fuisse:
691 2557 718 2595 ita
726 2558 781 2596 etiarn

166 2654 185 2693 'r
195 2647 249 2716 6Copcil.
256 2648 300 2677 'lclct
309 2647 334 2678 lv.
355 2647 397 2685 Regia
408 2634 522 2676 anani-actua
532 2645 599 2675 scribitur
608 2637 697 2676 Siscnaridus.
708 2647 741 2678 rma
750 2648 781 2682 670,

159 2696 188 2717 sire
205 2689 210 2717 l
222 2707 225 2715 .
