1679 2935
317 191 430 219 anrurarun.
653 181 688 218 341
703 175 706 179 ’

64 289 135 339 juvenis
149 291 187 325 tam
199 286 246 324 bene
254 286 312 332 novit,
324 283 484 334 (renueremus)
497 283 610 321 Clementem
621 282 692 331 Magis-

66 355 115 386 trum
124 350 223 397 ignorasse.
345 347 346 350 ’
510 355 511 359 ’

92 411 137 447 Haec
147 422 188 446 cum
200 410 313 446 eGlemente
327 406 436 451 adduxisset,
449 404 524 441 tandem
536 405 692 453 Argumentuma

67 470 172 507 testimonio
188 470 299 519 negativum,
317 480 327 504 a
344 466 418 503 silentio*
433 464 501 502 scilicet
519 465 631 514 Scriptorum
649 469 773 517 auteRepapitu-
796 492 798 495 f

68 531 143 569 Eusebii
156 535 239 580 tempora
251 530 333 574 ductum,
345 528 416 566 varium
429 526 503 576 quidem
517 525 590 563 illudet
603 527 692 563 miscella·
698 512 738 540 latro.

68 606 129 638 neum,
136 595 154 628 et
162 591 253 639 prolixum
261 588 353 626 concludit
359 604 364 634 5
375 601 410 637 quo
419 587 526 635 ignatianas
534 586 626 635 Epistolas
634 587 692 624 omni-

68 653 102 689 bus
111 655 153 689 ante
162 651 262 688 Eusebium
271 646 346 698 ignotas
358 663 377 687 se
385 649 470 698 probasse
478 650 537 698 putat,
549 648 626 696 ideoque
635 647 694 685 nullas

68 713 129 751 fuisse.
156 712 179 749 ld
191 715 252 749 autem
263 724 305 749 eum
314 711 336 749 de
347 711 422 749 nemine
433 710 518 760 probasse
530 710 601 748 ostendi
606 725 611 755 ς
625 709 694 747 nonde

70 773 145 817 Irenaeo,
159 785 197 809 non
209 772 231 809 de
239 771 374 818 Alexandrinis,
388 776 419 822 aut
427 770 551 820 AEthiopibus,
564 783 603 820 non
616 770 638 807 tle
650 770 694 807 Ter-

1 823 3 831 *
70 833 152 877 tulliano,
166 837 198 870 aut
207 833 256 879 (laio,
266 837 298 870 aut
307 833 401 871 Clemente
409 830 553 870 Alexandrinos:
566 831 696 879 multominus
725 834 727 837 ’

71 893 93 928 de
102 892 186 940 Origene,
197 892 246 930 Julio
255 892 348 938 Africam,
361 892 450 942 Dionysio
462 891 591 937 Alexandrino,
605 895 637 927 aut
648 891 695 927 Lac:

70 954 135 1000 tentio,
155 966 188 1002 pro
206 966 283 1005 quornm
300 953 404 1003 ignorantia
419 953 467 991 nihil
483 966 505 991 er
521 953 589 990 nostris
607 953 695 1002 Epistolis

71 1014 156 1059 adduxit,
168 1028 206 1052 non
214 1015 236 1052 de
241 1016 348 1064 Epiphanio,
358 1020 389 1052 aut
398 1015 518 1063 Hieronymo,
527 1027 565 1052 non
574 1015 596 1051 de
604 1014 694 1051 Boioariis

71 1080 102 1113 aut
119 1076 232 1122 Ionensibus,
248 1089 324 1125 quorum
340 1076 430 1125 ignoratio
444 1076 500 1113 etiam
517 1076 594 1123 probata
610 1076 626 1112 si
640 1079 694 1120 esset,

69 1137 141 1174 ‘nullam
155 1138 231 1186 neganti
243 1141 351 1186 argumento
359 1138 397 1175 vim
409 1138 490 1182 adderet.
516 1138 577 1176 Quare
589 1150 623 1174 nos
635 1137 703 1184 multo,

72 1198 143 1234 meliori
152 1198 193 1246 jure
203 1198 228 1235 sie
241 1198 366 1246 disputamus:
384 1210 425 1234 cum
438 1197 548 1246 Polycarpus
560 1197 630 1245 ignatii
643 1196 695 1233 discis

72 1258 130 1305 pulus,
140 1270 183 1302 cum
195 1258 248 1295 Philo
260 1262 279 1294 et
292 1258 399 1308 Agathopus
412 1258 495 1306 ejusdem
508 1258 588 1303 comites,
601 1270 644 1294 cum
656 1257 695 1294 ire·
753 1260 754 1264 ’

72 1330 123 1354 naeus
136 1318 231 1366 Polycarpi
244 1318 348 1365 discipulus,
364 1330 406 1354 cum
419 1318 528 1365 Theophilus
541 1318 610 1365 Ignatii
621 1318 642 1354 in
654 1318 696 1354 sede

73 1378 190 1415 Antiocheno
204 1378 302 1425 aliquando
316 1390 414 1423 successor,
431 1381 463 1413 aut
476 1377 558 1425 ejusdem
574 1378 608 1415 aevi
624 1378 696 1426 aliquis,

74 1450 116 1474 cum
129 1437 206 1486 denique
218 1437 306 1486 Origenes
319 1436 423 1486 discipulus,
433 1436 532 1474 Clementis
541 1437 610 1487 ignatii
622 1437 696 1487 Episto-

73 1499 132 1535 larum
146 1498 212 1535 diserte
228 1498 352 1543 meminerint,
370 1499 438 1535 autad
453 1510 483 1534 eas
498 1502 559 1547 aperte
573 1499 685 1547 respexerint
690 1515 695 1543 3

74 1571 116 1595 curn
128 1558 142 1595 ii
152 1571 220 1605 omnes,
230 1560 261 1608 qui
273 1559 366 1607 ignorasse
377 1560 501 1608 perhibentur,
511 1559 582 1597 nnllam
594 1559 647 1597 nobis
656 1572 696 1597 eam

73 1620 116 1667 ipsis
128 1609 353 1667 ignorantiamtribuendi
361 1621 404 1657 satis
415 1608 484 1669 justam
493 1627 565 1658 eausam
573 1621 695 1670 praebuerint,
718 1615 720 1620 Χ
750 1626 751 1629 ’

75 1681 210 1729 Argumentum
222 1694 232 1717 a
241 1682 312 1719 silentio
320 1682 404 1730 negative
413 1682 488 1719 ductum
499 1681 546 1718 nihil
555 1681 630 1719 omnino
637 1682 697 1720 valere

75 1742 220 1790 pronunciamus,
230 1747 249 1780 et
258 1742 280 1780 ab
288 1743 311 1780 iis
320 1743 352 1791 qui
359 1747 455 1789 noverunt,
464 1743 543 1792 reliquos
552 1755 590 1781 non
598 1743 699 1792 ignorasse,

77 1806 109 1838 aut
117 1802 132 1839 si
141 1802 196 1851 aliqui
204 1815 226 1839 ex
234 1803 256 1840 iis
264 1803 311 1841 forte
322 1803 453 1852 ignoraverint,
463 1808 591 1852 argumentum
603 1804 646 1841 inde
658 1804 698 1841 fieri

76 1874 173 1910 non-posse
181 1863 310 1901 concludimus.

78 2008 80 2014 Ι
93 1968 292 2047 ἑᾙῧευῖιςῑοωεηῑίεξᾶἑοκη
297 1982 325 2010 que
330 1974 404 2010 ignatium
410 1973 552 2011 rcspenisseridetur,
559 1974 614 2003 indicat
620 1975 699 2003 Pearsonus

77 2017 108 2037 111.
128 2017 233 2047 arunculam
269 2032 271 2039 .
