1679 2935
238 219 309 248 corma
321 218 422 248 renarrans
434 219 557 250 urruuenua
672 215 708 252 155

89 313 185 352 comitibus
199 313 262 350 eodem
277 315 346 362 Spiritu
359 309 429 360 afflatis,
443 315 461 352 S.
471 314 541 359 Marco,
555 317 609 363 atque
625 315 643 351 S.
653 314 709 352 Luca.

88 376 117 413 De
129 374 151 411 iis
161 387 204 422 quac
213 374 247 411 sub
256 375 330 412 nomine
338 375 467 423 Apostolorum
480 375 547 424 scripta
559 379 602 412 sunt
615 375 711 424 aliquando
746 386 747 389 ’

89 436 203 481 dubitabant,
216 439 234 473 et
247 449 298 473 nunc
310 436 420 481 haesitanter,
436 449 486 473 nunc
499 440 560 485 aperte
574 441 592 473 et
606 436 712 485 simpliciter
725 466 727 472 .

88 496 199 545 rejiciebant.
224 498 253 535 Dc
265 497 287 534 iis
300 510 339 545 quae
351 497 468 545 aDiscipulis
482 502 513 534 aut
523 498 623 535 Oomitibus
632 498 711 544 Aposto*

88 556 152 602 lorino,
166 556 197 605 qui
208 557 252 594 vivis
261 547 353 606 lipostclis
369 556 450 594 defuncti
465 562 514 604 sunt,
524 557 572 595 edita
585 557 640 594 fuisse
652 557 711 606 primo

88 618 205 665 putabantur,
223 617 332 655 dubitabant
349 631 373 655 an
389 619 411 656 ab
427 619 490 655 codem
509 619 578 668 Spiritu
594 618 675 667 profecta
691 617 711 655 in

89 679 168 715 osiridem
178 680 271 716 Cononem
280 692 322 716 cum
334 679 370 716 illis
384 681 402 716 S.
412 681 472 727 Lucae,
486 686 540 729 atque
554 681 572 718 S.
582 680 642 717 Marci
656 680 712 728 recipi

89 740 181 787 deberent,
190 745 211 778 ut
220 741 242 778 de
248 742 347 788 Clemente,
354 742 439 779 Bernaba
446 746 464 778 ct
473 742 544 779 Herma
552 742 610 791 primo
616 742 712 790 quaesitum

90 805 122 838 esa
148 802 214 838 Postea
225 802 281 838 etiam
293 802 353 849 aliqua
365 801 472 838 dicebantur
484 802 507 838 ab
518 802 562 850 ipsis
573 802 665 850 Apostolis
674 801 712 838 ‹lic-

88 865 133 907 tata,
143 866 161 899 et
173 876 183 898 a
192 862 283 911 discipulis
295 862 332 900 suis
341 875 363 900 ex
371 863 501 911 Apostolorum
513 867 603 912 praecepto
612 863 683 911 scripta,
693 867 712 899 et

88 927 130 972 post
144 935 206 960 corum
220 928 300 960 mortem
313 923 359 961 forte
373 923 470 972 divulgata,
486 925 509 961 de
523 917 588 973 quibus
605 936 677 960 arrisum
691 925 711 960 in

89 984 171 1021 Ecclesia
180 984 283 1021 dubitatum
292 989 319 1020 cst
324 999 329 1028 5
343 988 392 1021 etex
402 984 438 1021 illis
451 984 486 1021 τῶν
498 982 639 1031 ἀντιλεγομένων
648 988 666 1020 et
676 985 712 1020 τῶν

90 1041 292 1095 ἅποιιμύφωνῖιιιλίονλὶ
305 1044 383 1080 coniecti
398 1049 446 1081 sunt
472 1045 508 1081 llla
520 1044 577 1092 igitur
591 1045 659 1091 scripta
672 1056 712 1092 quae

89 1118 131 1142 cum
139 1105 198 1153 primo
207 1105 317 1153 apparebant
329 1108 418 1152 tauquam
428 1105 447 1141 S.
454 1104 553 1153 Scriptura
564 1107 626 1152 partes
637 1104 712 1152 accipie-

89 1166 162 1212 bantur,
172 1166 194 1202 ab
203 1165 292 1214 aliquibus
300 1169 363 1214 postca
372 1169 444 1214 negata,
457 1165 506 1202 inter
515 1163 645 1213 ἀντιλεγόμενον
655 1165 712 1202 hase-

89 1230 139 1272 runt,
157 1239 197 1274 quae
213 1227 236 1263 ab
253 1226 337 1263 omnibus
357 1239 368 1262 a
384 1227 459 1263 Conone
475 1228 548 1275 rejecta,
568 1226 589 1262 in
606 1227 712 1274 apocryphis

89 1287 238 1324 numerabantrm
260 1287 296 1324 Illa
303 1300 346 1325 vero
355 1299 395 1336 quac
403 1286 503 1325 adllivime
512 1287 610 1335 Scriptura
619 1287 712 1324 Cononem

90 1360 184 1395 nunquam
196 1347 305 1395 aspirabant,
315 1360 355 1394 quae
363 1348 497 1395 quamprimum
509 1348 576 1394 scripta
588 1352 636 1391 sunt,
646 1347 713 1395 diuque

90 1412 153 1455 postea
164 1420 203 1444 uon
210 1411 232 1444 ut
241 1407 333 1444 Canopica
345 1408 377 1444 sed
386 1407 480 1447 Catholica
487 1412 561 1444 tanturn
573 1408 712 1456 recipiebantur,
732 1416 734 1418 “

90 1480 150 1517 neque
164 1469 212 1506 inter
226 1467 361 1516 ἀντιλεγόμενον,
374 1481 433 1518 neque
446 1468 494 1506 inter
507 1458 608 1518 apocrypha
619 1468 713 1506 numerari

90 1530 160 1566 saeuus
169 1530 286 1578 sequentibus
294 1533 398 1578 potueruut.
417 1530 465 1567 Cum
472 1530 528 1578 igitur
535 1529 621 1579 Epistulae
631 1530 649 1566 S.
656 1530 712 1578 Igna-

90 1590 112 1627 tii
124 1595 165 1638 post
178 1591 260 1627 omnium
268 1591 398 1639 Apostolorum
410 1596 493 1636 mortem,
503 1591 626 1627 exoccasione
638 1594 711 1627 tantum

90 1646 178 1699 martyrii,
188 1656 206 1687 et
218 1651 239 1687 in
250 1652 315 1688 itinere
328 1652 388 1688 subito
397 1652 459 1688 effirsae
472 1652 515 1696 siut,
527 1664 569 1687 cum
582 1651 711 1687 aOhristianis

91 1702 203 1760 proscriptis
216 1708 273 1747 sancti
281 1712 315 1747 viri
328 1716 382 1759 atque
394 1712 479 1759 martyris
490 1706 619 1749 tantummodo
627 1715 712 1759 accepta,

38 1769 40 1772 ⁴
91 1784 125 1809 nec
133 1784 219 1820 amquam,
229 1771 277 1820 quod
284 1771 356 1816 scimus,
365 1771 386 1808 in
394 1771 477 1809 Ecclesia
484 1771 536 1809 lectae
544 1771 587 1818 sint,
596 1765 659 1809 nescio
669 1785 712 1820 quo-

91 1833 145 1870 modo
154 1833 239 1881 cuiquam
249 1833 269 1869 in
280 1837 362 1870 mentem
370 1833 431 1870 venire
437 1835 438 1838 ’
443 1833 528 1881 potuerit,
537 1837 558 1869 ut
567 1846 598 1870 eas
608 1833 629 1870 in
636 1846 713 1871 numero

91 1893 243 1942 Apoerypliorum
252 1893 300 1930 Novi
308 1893 421 1931 Testamenti
429 1898 538 1929 numeraret,

117 1953 167 1990 Quid
182 1953 243 2000 igitur,
261 1953 337 2000 inquies,
354 1952 398 1988 facit
414 1952 434 1989 in
449 1952 533 1989 Indiculo
544 1952 614 2002 ignatii
630 1954 806 2003 nomonqumgitur
820 1954 822 1959 ’

92 2013 157 2051 uacuis
165 2018 184 2050 ct
192 2014 275 2062 expedita
286 2014 384 2062 responsio.
410 2014 454 2051 Non
464 2014 484 2050 in
492 2014 526 2051 hoe
534 2016 613 2060 tantum,
626 2013 658 2051 sed
666 2017 685 2051 et
693 2012 713 2051 in
720 2003 777 2070 {laffclffl
783 2002 806 2078 l}

92 2075 127 2112 alio
136 2074 220 2112 indiculo
231 2088 298 2112 nomen
309 2075 378 2123 Ignatii
390 2075 480 2123 reperitur·
486 2090 491 2120 3
505 2078 523 2111 et
537 2087 579 2112 sanc
592 2075 638 2111 ratio
651 2075 714 2112 suadet
721 2081 757 2108 nati
763 2087 787 2108 110-r

92 2135 115 2172 ob
125 2136 201 2173 eandem
210 2149 282 2173 causam
291 2137 369 2173 eundem
381 2136 487 2184 inutraque
496 2136 593 2172 nominari.
619 2136 714 2181 Iudiculus
721 2117 809 2194 sseussffl‘

92 2197 243 2234 instruentia
255 2197 304 2234 inter
316 2196 371 2233 libros
380 2197 499 2233 Baroccianos
512 2197 532 2234 in
543 2197 657 2233 Bibliotheca
669 2197 714 2246 pub-

92 2258 128 2295 lica
137 2258 208 2303 Oxouii,
220 2259 286 2306 dequo
299 2260 370 2295 monuit
379 2259 470 2304 Usserius,
479 2270 572 2307 quemque
584 2270 618 2293 nos
630 2258 715 2295 vidimus

94 2319 118 2356 In
131 2319 224 2357 illointer
239 2320 318 2368 plmima
333 2319 435 2368 apocrypha
450 2324 571 2355 numerantur
586 2317 666 2369 Διδοχοοὶ
679 2321 715 2355 τῶν

93 2377 218 2427 Ἀποστόλων,
233 2378 350 2418 Διδασκαλίαι
365 2379 475 2428 Κλήμεντος,
491 2379 580 2427 Ἰγνοιτίου
592 2379 714 2416 Διδασκαλίο.

94 2441 121 2478 Ut
134 2445 195 2478 autern
208 2441 258 2478 aliud
270 2445 297 2478 est
308 2440 426 2479 Arbaoaaaa'a
434 2442 462 2479 vel
475 2439 541 2491 διδαχὴ
550 2441 655 2485 Clementis,
666 2441 715 2476 aliud

93 2501 180 2549 Epistola,
195 2502 222 2539 ita
235 2506 254 2539 et
267 2501 341 2552 Ignatii.
369 2502 405 2539 Sed
419 2501 482 2539 eodem
496 2501 550 2538 modo
564 2500 684 2549 supplendam
696 2503 714 2537 et
745 2517 747 2521 ’

93 2562 231 2610 intelligendam
242 2564 390 2600 Stichometriam
399 2568 480 2599 nostram
489 2575 562 2598 censeo:
576 2562 650 2605 scilicet,
660 2560 715 2606 Διδο-

93 2619 118 2671 χι)
133 2619 259 2666 Ἀτοστόλων,
277 2621 384 2670 Κλήμεντος
400 2619 715 2671 (διδοχή),’1γνοτιόν(διδαχὴ),ιιῖ

38 2734 40 2736 Ι
90 2682 125 2719 illa
133 2695 167 2720 von
179 2681 251 2734 διδαχὴ,
261 2684 312 2732 quasi
320 2680 357 2721 aad
370 2681 429 2720 ιοοονοῦ
438 2680 590 2729 subintelligatur,
600 2682 648 2730 quod
660 2682 717 2730 scrip=
