1747 2957
195 200 232 236 330
383 210 512 239 inaeunnnrun
524 210 631 238 naaitrnnnr
644 202 646 206 ’

195 300 345 350 Episcopornm.’'
366 302 414 340 (lum
421 303 478 353 igitir
486 303 608 340 Tertullianus
616 313 666 339 nnnc
674 302 760 340 Ecclesiae
768 313 820 353 roca-

195 362 260 400 btdum
267 364 340 412 proprie
349 369 415 411 sumat,
423 378 456 414 pro
464 364 497 402 tali
506 364 573 401 scilicet
583 363 654 412 qualem
662 362 746 412 Apostoli
754 364 820 401 consti-

196 426 277 469 tuerunt,
286 437 337 462 name
345 425 448 475 improprie,
458 429 476 463 et
484 425 504 463 in
516 425 551 462 alia
559 424 639 470 notione,
649 427 671 460 at
680 436 721 461 curn
731 424 820 472 Spiritum

197 497 236 521 esse
246 485 295 531 dicit,
303 499 345 524 ciun
353 487 402 524 idern
410 499 477 524 nomen
483 485 616 524 Haereticornm
625 484 743 522 conventibus
748 484 820 529 tribuit,

198 549 230 583 ant
244 545 303 583 tribus
317 546 382 594 Laicis,
397 561 441 597 quos
455 548 494 597 ipse
509 546 611 584 sacerdotes
622 549 675 583 vocat
688 558 741 582 sensu
754 546 819 593 aliquo,

197 605 245 655 (tarn
254 607 303 643 enim
311 620 374 644 verum
383 612 410 645 est
418 622 441 646 er
449 607 556 646 Tertrdliani
565 608 660 653 sententia,
667 606 716 655 quod
724 610 761 643 tres
770 607 821 644 Laici

156 691 157 694 =
198 671 241 703 sunt
249 671 286 705 tres
298 669 405 714 sacerdotes,
412 682 467 717 quana
479 669 527 717 quod
535 668 567 706 ubi
578 672 615 706 tres
625 668 676 705 Laici
685 667 767 704 Ecclesia
779 668 819 715 est)

198 739 245 771 cnm,
252 727 333 774 inquam,
340 732 378 763 tam
384 728 482 776 improprie
489 728 512 764 de
517 720 600 764 Ecclesia
607 728 698 775 loquatur,
703 726 750 763 illud
759 726 821 776 dcere-

197 789 237 822 tum
256 786 353 834 Ignatiano
368 786 444 824 minime
457 786 569 824 contrarium
586 790 620 834 est,
638 795 680 825 vcurn
697 786 782 837 Ignatius
799 786 821 824 de

198 847 279 884 Ecclesia
293 848 365 897 proprie
380 853 398 885 et
411 849 482 896 integre
499 852 573 896 accepta
586 848 676 895 loquatur,
690 849 754 884 eodem
767 848 822 884 modo

199 920 234 956 quo
245 907 289 945 alibi
299 908 427 955 Tertullianus,
442 922 478 957 quo
493 909 510 946 S.
521 908 628 958 Cyprianus,
643 908 674 956 qui
688 909 822 945 Tertullianum

198 969 306 1016 magistrum
314 969 400 1006 vocavitz-
409 969 456 1007 “Illi
465 972 509 1006 sunt
520 967 607 1015 Ecclesia,
615 960 670 1018 plebs
683 968 776 1006 Sacerdoti
791 969 822 1006 ad-

198 1033 260 1075 unata,
269 1034 288 1067 et
295 1031 364 1078 pastori
376 1044 409 1068 suc
421 1042 464 1080 grex
472 1032 570 1067 adhaerens.
596 1031 652 1068 Unde
658 1030 703 1067 scire
713 1030 767 1067 debes
778 1029 822 1079 Epi-

143 1111 145 1113 ·
199 1103 273 1140 scopum
284 1091 305 1128 in
311 1092 394 1129 Ecclesia
407 1105 451 1137 esse,
466 1096 484 1129 et
493 1092 594 1129 Ecclesiam
602 1091 623 1128 in
634 1091 730 1140 Episcopo,
740 1095 759 1129 et
768 1092 823 1141 siqui

108 1582 158 1612 rtltcrn
165 1583 187 1612 ob·

106 1620 151 1657 ,icctio
158 1621 175 1649 dc

109 1659 163 1687 Tcrtnl-

108 1697 150 1727 liano.

199 1150 240 1188 cum
252 1153 341 1201 Episcopo
354 1165 392 1190 non
405 1158 448 1190 sunt
458 1154 479 1189 in
490 1154 572 1190 Ecclesia
582 1166 621 1189 non
634 1152 698 1189 esse:''
712 1153 770 1200 Epist.
779 1153 821 1189 1111,

202 1210 233 1259 [nl.
241 1212 306 1260 lrri.]:
320 1211 383 1249 eodem
397 1225 432 1262 quc
446 1213 524 1261 Optatus
536 1212 604 1261 pariter
613 1212 717 1257 Africanus,
725 1211 823 1249 “Ecclesia

200 1275 250 1308 certa
262 1272 345 1322 quaedam
356 1273 439 1310 membra
446 1273 507 1320 habet,
516 1273 619 1322 Episcopos,
633 1273 753 1322 presbyteros,
763 1273 822 1310 diaco-

200 1345 239 1378 nos,
249 1337 267 1370 ct
276 1333 349 1371 turbam
357 1333 474 1371 fideliumbr’
488 1334 552 1371 eodem
561 1346 596 1383 quo
604 1334 668 1371 Victor
676 1334 759 1371 Vitensis
768 1334 823 1371 etiam

201 1394 304 1439 Africanus,
311 1397 322 1414 “
328 1395 399 1432 (laribus
409 1398 470 1432 autem
477 1407 574 1444 persequar
580 1394 686 1431 fluminibus
694 1394 823 1443 lacrymarum,

202 1455 273 1501 quando
290 1455 395 1502 Episcopos,
410 1455 530 1503 presbyteros,
546 1455 636 1498 diaconos,
652 1457 671 1490 et
687 1455 722 1490 alia
734 1455 824 1491 Ecclesiae

201 1513 282 1550 membra
291 1514 313 1550 ad
322 1514 396 1551 erilium
405 1515 461 1551 eremi
470 1514 598 1552 11111111111110.υ

226 1574 314 1620 Secinrdo,
332 1574 401 1624 colligit
422 1575 517 1623 ignatium
537 1578 621 1612 nostrum
638 1574 751 1612 Tertulliano
767 1575 823 1612 fuisse

200 1635 289 1683 ignotum,
300 1636 342 1684 quia
350 1648 392 1672 cnm
404 1638 460 1672 “non
472 1636 531 1672 solinu
543 1638 665 1671 antecessores
677 1647 725 1682 suos,
735 1635 766 1671 sed
775 1636 823 1685 ipso-

201 1708 242 1732 rum
259 1696 314 1732 etiam
329 1696 496 1733 Haeresiarcharum
512 1696 655 1744 contemporales
671 1697 782 1732 nominatim
795 1709 823 1732 re-

202 1760 279 1802 censeat,
291 1757 386 1805 ignatium
398 1770 422 1793 ne
435 1757 536 1794 nominavit
548 1756 621 1805 quidem
629 1756 650 1792 :³³
664 1756 756 1793 rideamus
769 1769 824 1805 quam

201 1822 255 1856 recte.
281 1818 404 1856 Tertullianus
418 1817 498 1855 scribens
512 1817 596 1855 adversus
604 1816 749 1864 Valentinianos,
763 1819 824 1856 obser-

201 1883 232 1916 vat
239 1880 297 1928 primo
306 1893 368 1917 eorum
378 1881 467 1928 originem
479 1881 500 1917 in
507 1879 611 1924 Valentino,
622 1880 660 1927 ejus
670 1891 754 1927 sequaces
765 1884 823 1927 notat,

202 1940 326 1985 Cobrbasom,
335 1940 460 1985 Ptolemaeum,
470 1940 608 1985 Heracleonem,
619 1939 824 1985 testudinatam

165 2010 167 2015 ⁴
202 2004 220 2037 ct
229 2001 351 2048 Theotimum,
361 2001 391 2050 qui
400 2000 481 2050 quamvis
489 1999 616 2038 Valentiniani
628 1999 736 2046 dicerentur,
744 2001 825 2039 multum

201 2064 264 2097 tamen
273 2062 391 2098 aValentino
399 2061 532 2109 discrepabant.
559 2060 628 2097 Statuit
642 2059 699 2108 igitur
711 2061 769 2109 primo
782 2074 825 2099 cum

202 2120 331 2169 principalibus
340 2133 398 2169 agere,
407 2134 445 2158 non
454 2124 466 2141 “
472 2134 514 2157 cum
522 2121 617 2166 ducibus‚’'
626 2126 647 2157 ut
656 2122 742 2170 loquitur,
752 2123 825 2171 “passi-

203 2193 267 2216 vorum
276 2180 427 2228 discipulorum;”
437 2181 522 2226 seeundo,
528 2180 626 2217 lectoribus
632 2182 741 2228 persuadere
749 2175 825 2219 conatur

203 2253 223 2276 se
231 2252 269 2276 non
278 2240 369 2276 “tinxisse
377 2240 481 2284 materias,”
490 2240 525 2276 hoe
535 2243 566 2285 est,
577 2239 662 2287 dogmata
673 2240 710 2276 illis
722 2241 826 2281 attribuisse

203 2313 243 2349 quac
251 2301 286 2350 ipsi
294 2313 332 2339 non
340 2300 459 2350 propalabant
464 2315 469 2347 ς
484 2299 532 2349 quod
541 2312 562 2337 ea
569 2312 608 2350 non
619 2300 678 2336 solum
688 2302 825 2341 “antecessores
871 2306 873 2308 ’

203 2362 249 2408 sui,”
259 2362 290 2399 sed
302 2362 384 2411 ipsorum
394 2361 579 2399 “Haeresiarcharum
592 2362 735 2410 contemporales
747 2363 825 2402 instruc

203 2420 278 2461 tissimis
285 2423 408 2461 voluminibus
422 2427 440 2461 et
450 2423 566 2473 protulerunt
575 2427 593 2460 et
602 2423 729 2461 111111111111111.)1
754 2425 826 2464 Deinde

204 2498 234 2521 eos
243 2485 326 2523 nominat
335 2486 366 2534 qui
374 2485 406 2521 illa
414 2485 556 2521 instructissima
561 2484 654 2521 volumina
660 2484 752 2533 scripsere,
760 2487 826 2533 quibus

204 2558 266 2583 omnes
274 2546 315 2583 illas
321 2545 415 2582 haereticas
424 2544 518 2593 opiniones
525 2548 647 2593 exposuerunt
653 2548 708 2593 atque
716 2546 825 2594 refutarunt,

296 2633 302 2653 l
312 2633 343 2663 Lib.
350 2634 366 2664 it
374 2634 430 2671 capll.

243 2692 244 2695 =
296 2678 301 2691 ⁰
311 2673 333 2702 Dc
341 2673 440 2702 Pcrsccutionc
447 2672 518 2709 Africana,
528 2673 554 2702 lib.
560 2673 575 2701 ii.
583 2682 596 2710 p.
603 2674 625 2702 at.
632 2671 653 2701 cd.
662 2671 721 2702 chifflet.
