1747 2957
158 209 194 246 116
334 221 446 250 meramors
458 223 493 249 ruo
506 222 520 248 s.
530 220 605 248 reurrro
643 261 646 264 ἱ

158 311 266 350 Anastasius
276 314 375 363 Georgium
386 315 491 364 Syncellum
502 313 533 350 hio
544 313 591 350 male
604 312 704 351 transtulit.
733 313 779 363 Syn-

149 377 215 415 -cellns
227 379 276 415 euim
291 379 343 428 (alius
353 379 404 416 lunii
412 379 498 426 Catalogo
509 378 561 413 testis
570 375 669 425 addendus]
680 376 703 413 de
713 376 731 412 S.
739 376 780 413 Cle-

160 442 223 475 mente
232 440 259 475 ita
270 440 355 485 loquitur,
364 437 432 475 Τούτου
445 435 535 482 ἐπιστολὴ
544 435 555 482 ἦ
565 436 598 483 μία
605 436 672 483 ’γνησία
681 436 782 486 Κορινθίοις

160 495 235 549 φέρεται
243 498 266 540 cis
279 497 315 537 ἀπὸ
328 500 360 545 τῆς
370 496 463 545 Ῥωμαίων
477 496 575 543 ἐκκλησίας
587 498 684 549 (γραφεῖσιν,
698 495 780 537 στάσεως

161 560 180 597 ἐν
188 559 270 609 Κορίνθῳ
280 556 380 605 συμβάσης
385 557 431 601 τότε,
441 557 463 599 ὡς
471 560 559 610 μιιρτνρεῖ
571 557 694 607 Ἡγήσιππος,
704 556 743 606 ἥτις
751 556 782 594 καὶ

161 618 302 664 ἐκκλησιάζεται.
329 620 397 657 Sedet
411 620 431 656 in
444 621 511 657 horum
523 620 619 657 verborum
632 619 781 667 interpretatione

133 705 134 708 =
161 679 239 717 lacobus
253 680 307 724 Goar,
318 680 349 727 qui
363 680 469 729 Syncellum
476 684 515 717 tam
526 680 622 720 infeliciter
634 678 733 723 transtulit,
743 691 782 715 non

161 738 220 777 minus
230 752 284 788 quam
292 739 401 777 Anastasius
410 740 481 778 erravit.
498 741 602 777 Gerrnnnnnr
608 739 644 787 ejrn
651 739 675 775 trel
683 739 782 777 Corinthios

161 800 261 847 Epistclcnr
268 802 319 847 qnasi
324 814 335 836 a
340 802 422 837 Ronlana
427 802 510 837 Ecclesia
517 801 599 836 tnrnrrltns
606 800 696 846 cnjrrsrlanc
703 794 785 836 Corinthi

161 861 219 898 accorti
233 861 323 898 occasione
336 862 421 909 scripturn
434 862 455 898 ah
463 861 545 898 Ecclesia
557 861 608 907 nnlpo
619 861 680 907 recipi,
693 865 710 898 et
724 872 783 897 corani

158 921 228 971 publice
237 922 348 972 lepianctor
356 926 382 960 est
390 922 504 970 Hepesippas.
530 921 561 958 lta
572 921 612 959 illc:
626 924 647 958 tu
657 925 719 959 autem
727 925 783 967 verte,

162 982 220 1030 lhp'ns
228 983 316 1030 Epistola,
327 996 364 1031 qnae
377 984 429 1020 unica
441 984 519 1031 perlatae
531 986 562 1028 est,
572 983 597 1019 ιιιί
608 982 709 1019 Corinthios
716 981 783 1029 pictur,

163 1048 247 1090 tanqncnn
256 1045 278 1080 ab
286 1044 369 1081 Ecclesia
379 1046 458 1081 Romana
469 1045 542 1090 scripta,
551 1045 636 1080 seditione
645 1047 685 1080 tnnc
696 1044 783 1090 temporis,

163 1109 183 1141 nt
192 1107 267 1141 testatur
277 1105 393 1151 Hepesippas,
409 1105 489 1141 Corinthi
501 1107 546 1148 orta,
556 1116 593 1150 qne
604 1105 657 1140 etiarn
670 1104 691 1140 ah
702 1104 785 1140 Ecclesia

165 1163 255 1209 recipitur.
274 1164 320 1201 Haec
329 1165 378 1201 enim
385 1165 465 1214 Syncelli
473 1164 520 1200 nihil
529 1164 578 1200 aliud
586 1168 630 1201 sunt
639 1178 693 1212 quam
700 1163 786 1211 Epitcme

166 1223 229 1271 capitis
238 1227 267 1261 16,
282 1224 325 1261 libri
335 1225 361 1261 iii.
376 1225 462 1262 Historiae
476 1224 589 1270 Eusebianae,
603 1225 655 1273 cujus
668 1225 723 1262 verba
737 1229 785 1271 sunt,

167 1282 205 1321 Kal
213 1283 241 1320 liri
249 1283 295 1322 harh
307 1283 337 1322 riv
346 1283 454 1335 δηλούμενον
466 1284 490 1322 rh
498 1285 530 1332 riis
540 1283 641 1336 Κορινθίων
649 1284 732 1331 centauro
741 1284 786 1323 στοί-

167 1359 218 1387 σεως,
227 1344 325 1397 ἀξιόχρεως
336 1345 404 1396 μάρτυς
417 1345 427 1383 ὁ
438 1345 561 1394 ‘Hirta-raros,
571 1347 629 1383 Porro
642 1347 740 1394 uparndicti
750 1347 787 1384 Cle-

167 1407 229 1443 nrentis
239 1410 320 1455 ,tenuiore
336 1397 445 1444 serlitionera
454 1408 501 1444 inter
517 1407 616 1444 Corinthios
628 1419 665 1444 csse
679 1411 786 1454 cornnrotcn,

168 1466 313 1503 luculentissimas
322 1467 371 1502 testis
379 1469 406 1503 est
413 1467 528 1514 Hepesippnls.
554 1466 670 1503 Auctoritate
679 1467 736 1515 igitur
749 1469 787 1504 He-

167 1526 235 1575 gesippi
243 1527 302 1563 utitur
316 1524 398 1563 inhurrc
408 1526 536 1563 tantummodo
548 1527 604 1563 finem
617 1539 638 1563 eo
649 1527 684 1564 loci
691 1527 787 1574 Eusebius,

167 1591 188 1624 nt
201 1587 286 1623 ostendat
300 1586 333 1622 suh
348 1586 456 1634 pontificatu
472 1586 571 1623 Clementis
584 1586 692 1623 seditionem
705 1588 789 1624 Corinthi

167 1649 226 1684 ortam
235 1659 284 1683 esse:
297 1659 357 1694 neque
366 1646 415 1682 aliud
424 1646 520 1695 quicquain
528 1646 585 1682 voluit
595 1646 695 1695 Syncellus.
717 1647 788 1684 Tertius

166 1718 199 1757 pro
209 1707 323 1745 Clementina
331 1708 383 1745 testis
394 1710 421 1744 est
434 1708 520 1752 irenaeus,
529 1707 594 1745 itidem
605 1710 624 1744 et
634 1719 667 1756 pro
675 1707 796 1756 Ignatianisr

167 1766 199 1806 sed
207 1768 288 1805 Irenaeus
303 1767 385 1816 pluribus
399 1781 454 1816 quam
467 1762 548 1817 triginta,
560 1768 597 1805 irrro
610 1781 656 1816 pene
670 1769 789 1818 quadraginta

168 1828 220 1866 annis
232 1828 253 1866 alr
267 1828 315 1865 illius
329 1841 383 1877 quam
396 1841 407 1865 a
420 1832 523 1865 nostrarum
539 1829 637 1877 scriptione
649 1831 735 1866 remotior·
748 1830 788 1867 tuit.

168 1891 249 1927 auarus
263 1901 295 1937 pro
310 1890 403 1926 Clemente
414 1890 497 1926 Romano
511 1889 562 1925 testis
572 1893 604 1925 est
619 1889 703 1926 Clemens
711 1889 789 1927 Alexan-

170 1949 238 1994 drinus,
248 1950 279 1997 qui
287 1953 328 1998 post
336 1954 415 1987 mortcrn
424 1949 520 1987 Commodi
529 1949 603 1997 scripsit,
613 1953 687 1986 centum
698 1954 716 1987 ct
725 1950 790 1998 viginti

171 2008 193 2045 ad
198 2009 296 2045 minimum
305 2011 357 2046 annis
368 2013 464 2057 postquam
473 2010 521 2046 edita
530 2010 608 2046 creditur
616 2010 698 2057 Epistola
707 2010 790 2047 Clemen-

170 2068 215 2112 tina.
241 2068 267 2104 At
279 2081 289 2104 a
301 2069 388 2117 martyrio
401 2069 470 2116 ignatii
480 2073 509 2106 tot
523 2070 566 2105 anni
577 2083 616 2107 rron
628 2071 739 2118 efflrurerarrt,
749 2084 790 2107 cum

172 2127 259 2175 Origenes
275 2127 374 2165 Clementis
387 2128 483 2176 discipulus
497 2130 661 2167 luculentissimum
672 2131 698 2167 illi
709 2131 790 2168 testimo-

171 2188 223 2226 rrirrnr
232 2187 314 2237 praebuit‚
323 2189 408 2225 Homiliis
416 2189 436 2224 in
443 2190 518 2233 Lucam,
528 2202 572 2236 quas
581 2190 652 2237 scripsit
659 2191 735 2238 juvenis,
744 2195 791 2228 teste

173 2248 292 2298 Hieronymo,
309 2252 351 2286 ante
364 2248 434 2286 ririlem
451 2252 529 2293 aetatem,
543 2249 577 2285 hoc
591 2252 624 2293 est,
637 2249 750 2286 suhSevero
763 2252 791 2288 vel

172 2309 270 2356 Caracalla,
282 2322 324 2347 cum
338 2313 384 2347 esset
398 2309 463 2358 viginti
477 2321 524 2358 pene
539 2309 591 2346 amris
603 2309 677 2347 editioni
690 2311 791 2359 Ignatiarrae

172 2373 225 2409 aetate
237 2370 362 2419 propinquior>
375 2382 429 2419 quarn
438 2369 498 2406 fuerat
511 2369 636 2415 Clementiana,
650 2382 692 2406 eum
705 2371 791 2409 scriberet

171 2432 256 2470 ,Clemens
262 2432 402 2470 Alexandrinus.
421 2432 447 2468 Et
453 2431 492 2480 jam
499 2430 539 2479 quis
545 2442 583 2467 norr
588 2430 638 2468 videt
646 2426 711 2469 seriem
717 2433 792 2471 testium

173 2492 245 2540 abipso
258 2492 310 2530 initio
323 2505 355 2541 per
368 2496 396 2529 tot
409 2492 475 2528 saecula
488 2491 585 2528 deductam
598 2491 621 2527 ati
629 2492 683 2528 fidem
691 2492 792 2531 faciendam

81 2570 150 2600 resirma-
172 2549 271 2602 plurimum
279 2553 351 2591 valere?
605 2548 609 2552 ⁴

80 2610 105 2637 nra
111 2609 142 2644 ipsu
196 2612 307 2649 Testimouia
315 2613 354 2661 ipsa
362 2612 410 2662 quod
419 2612 490 2659 attinet,
500 2612 536 2649 sire
545 2624 566 2649 ea
574 2612 674 2660 generatim
682 2617 701 2651 et
709 2615 792 2653 universe
811 2625 814 2628 ·

81 2653 150 2684 qnantum
186 2672 190 2680 ,
300 2672 304 2681 ,
382 2673 385 2681 ¹
438 2673 441 2681 Ι
524 2671 551 2680 ,Ι
664 2673 668 2680 ¹
778 2677 782 2684 ι

80 2686 133 2714 ιικηι,
173 2674 277 2719 dictasunt,
290 2686 327 2710 srre
339 2673 467 2721 partrculatrm,
480 2677 498 2709 et
510 2672 606 2718 distincte3
620 2686 681 2710 omrrra
692 2679 740 2712 certe
748 2677 792 2724 Epr-
