1679 2935
235 154 259 181 ir
272 152 409 181 onruoriounms
421 150 528 179 1111111111.
628 188 630 190 q
656 145 691 180 193

73 255 113 286 tmn
122 249 165 284 est'⁷
177 258 217 282 cam
230 244 339 280 sententiam
352 243 374 278 ab
383 243 454 278 Irenaeo
463 242 552 277 “aliunde
566 255 620 289 quam
629 255 650 278 cx
658 243 693 278 hac

73 311 112 358 ipsa
119 295 201 356 Epistola
209 304 284 341 citatam
293 316 331 340 esse
339 302 444 340 hariolaris'

98 367 185 414 Confugit
193 366 250 413 igitm·
255 365 289 400 Vir
295 364 408 411 doctissimus
417 364 440 399 ad
448 364 576 411 argumentum
584 364 694 411 negativum,
703 370 780 405 Argumen-

74 432 160 475 tanquam
174 425 197 462 ad
210 424 280 472 asylum
292 423 410 469 tutissimum,
424 423 522 471 asseritque
535 423 626 460 Irenaeum
638 407 775 480 “baeclffigss'

74 489 128 526 verba
135 487 169 523 nec
178 484 274 533 sumpsisse
282 497 316 520 nec
325 497 395 520 sumere
403 484 499 532 potuisse”
509 496 531 520 ex
539 484 573 521 hac
581 484 664 533 Epistola
672 484 695 521 ad
703 483 773 548 ttvpmr

74 551 170 593 Romanos,
180 545 245 595 “qnod
254 559 275 582 ca
283 545 353 582 Irenaeo
360 544 423 593 ignota
428 544 484 581 fuerit
491 545 508 581 τ’)
517 545 600 593 ignotam
608 550 669 583 autem
678 546 695 583 ei
702 529 783 588 diffisis.

73 610 121 646 lianc
130 607 190 652 fnisse,
200 605 248 654 quod
257 609 325 642 caeterae
334 604 403 653 Ignatii
411 605 502 653 Epistolae,
513 617 556 653 quas
564 606 623 641 nostri
632 606 695 642 eodem
702 599 760 626 simum,

74 681 115 705 cum
123 668 158 703 hac
165 666 257 710 volumine
266 666 381 714 aPolycarpo
390 665 474 702 collectas
482 669 500 701 et
509 665 600 702 ordinatas
608 666 695 712 fatentia,

74 730 143 766 Irenaeo
151 728 220 775 ignotae
228 727 301 763 fuerint„
328 727 406 763 Caeteras
420 726 437 762 ci
448 726 502 773 plane
514 726 586 772 ignotas
598 726 653 763 fuisse
661 727 696 764 hoc

74 791 180 837 arginnento
192 786 254 835 Capite
268 786 331 834 quinto
345 785 421 834 probare
436 788 516 822 conatm:
543 785 623 822 lrenaeus
633 786 695 822 Haere-

73 851 118 887 ticos
134 852 176 885 ante
190 860 208 884 se
220 860 282 885 ouines
293 847 405 896 argumentis
420 859 442 883 ex
453 847 551 883 traditione
563 851 581 883 et
592 848 696 884 testimonio

75 910 133 948 ductis
145 909 218 946 refutat.
245 910 293 946 Sunt
307 912 368 945 antem
379 907 496 957 in'Epistolis
509 907 578 957 Ignatii
586 908 625 945 loca
634 922 696 958 quam-

74 972 152 1021 plurima
164 971 186 1007 ad
197 970 243 1007 illud
257 974 385 1019 argumentum
395 969 549 1006 luculentissima:
564 970 603 1006 haee
613 970 652 1006 fuse
664 983 696 1007 suo

74 1044 125 1068 inore
132 1028 202 1079 probat.
229 1030 302 1067 Habeat
310 1030 367 1077 igitur
375 1041 448 1066 causam
459 1029 544 1066 idoneam
554 1032 572 1066 et
581 1042 628 1077 pene
635 1042 697 1067 neces-

76 1093 140 1128 sariam
150 1105 171 1128 ca
181 1092 221 1128 loca
229 1104 251 1127 es
259 1091 346 1139 Epistolis
354 1090 448 1135 recitandi,
457 1090 486 1126 vel
496 1103 539 1126 sane
548 1090 646 1126 indicandi.
672 1091 698 1126 At
721 1085 723 1088 ’

75 1157 105 1189 eas
113 1166 137 1189 ne
145 1166 182 1189 nno
190 1152 244 1189 verbo
255 1151 387 1196 memoravisse,
399 1163 433 1187 nec
445 1151 520 1187 mnnino
531 1154 579 1187 nutu
588 1151 698 1199 significasse

76 1212 227 1262 deprehenditur:
245 1212 282 1249 imo
296 1224 319 1249 ne
336 1224 394 1248 unum
411 1223 433 1247 ex
449 1211 472 1247 iis
486 1212 515 1258 μῦ.
540 1211 597 1247 Plane
611 1223 653 1260 ergo
668 1224 698 1247 eas

76 1274 171 1322 ignorarit.

89 1374 92 1383 ι
102 1335 189 1374 Quamvis
199 1334 252 1371 facile
261 1338 279 1371 et
287 1333 366 1371 breviter
378 1333 514 1383 respondeatur,
524 1333 613 1370 celebrem
626 1337 699 1370 senten-

76 1395 121 1432 tiam
138 1408 160 1432 ex
173 1395 255 1443 Epistola
270 1394 293 1430 ad
310 1395 401 1431 Romanos
417 1394 439 1430 ab
456 1394 526 1430 Irenaeo
541 1393 638 1429 adductam
655 1397 698 1438 essc',
718 1397 721 1407 ²

76 1457 131 1503 idque
143 1456 199 1491 fnisse
212 1455 233 1491 ab
246 1455 325 1491 Eusebio
339 1454 453 1491 observatum
463 1467 501 1490 non
514 1455 574 1499 semel,
584 1458 602 1490 et
616 1467 626 1490 a
637 1454 699 1490 multis

77 1515 117 1551 aliis
131 1514 187 1551 etiam
201 1514 289 1562 agnitum,
298 1527 332 1550 nec
341 1527 352 1550 a
360 1514 445 1564 quopiam
454 1514 539 1550 antehoc
548 1513 633 1550 saeculum
645 1526 699 1562 nega-

77 1578 122 1619 tum,
135 1587 145 1610 a
159 1574 211 1610 nobis
225 1574 281 1609 etiam
293 1574 390 1621 probatum
401 1578 455 1621 atque
465 1575 592 1609 confirmatum
597 1588 602 1618 ;
615 1586 650 1609 nec
660 1575 698 1614 Ire-v

77 1648 143 1680 naeum,
151 1635 182 1683 qui
190 1635 237 1670 hanc
246 1634 269 1670 ad
278 1635 369 1670 Romanos
377 1634 478 1682 Epistolam
486 1634 542 1679 novit,
554 1638 627 1670 caeteras
636 1634 699 1670 codem

77 1695 314 1744 volmninecomprebensas
323 1699 341 1731 et
350 1695 446 1743 Polycarpi
453 1694 540 1743 Epistolae
549 1695 638 1743 subiectas
647 1695 699 1743 igno-

78 1768 118 1792 rare
126 1756 216 1804 potuisse:
230 1756 289 1791 multa
297 1759 360 1791 tamen
367 1755 398 1798 liic
406 1755 511 1803 reponenda
522 1759 569 1792 sunt.
596 1755 701 1792 Cum-enim

78 1830 144 1863 magna
158 1816 252 1863 diligentia
262 1829 306 1852 usus
319 1816 342 1852 sit
352 1816 386 1852 Vir
400 1816 519 1860 doctissimus,
533 1820 555 1851 ut
567 1816 613 1851 nihil
628 1820 699 1863 ageret;

79 1889 112 1924 ego
125 1889 164 1913 non
179 1876 247 1913 minori
264 1876 310 1912 mihi
322 1876 412 1912 utendum
428 1879 477 1923 puto,
493 1879 514 1911 ut
528 1888 570 1912 eum
582 1876 629 1911 nihil
642 1876 700 1924 egisse

80 1937 164 1974 omnibus
187 1940 276 1986 appareat,
312 1936 393 1985 Seposita
414 1936 471 1984 igitur
487 1935 649 1984 impraesentiarum
668 1936 701 1972 illa

79 1998 133 2035 imica
141 1999 236 2045 sententia,
245 1998 288 2034 licet
296 1998 377 2034 irenaeus
385 1997 425 2033 loca
432 1997 484 2033 nulla
492 1996 515 2033 ad
522 1997 629 2034 institutum
637 2010 701 2046 oppor-

79 2062 125 2094 tuna
141 2072 163 2096 ex
176 2059 250 2107 Ignatio
267 2058 349 2095 citaverit
365 2057 510 2103 intimaveritve;
528 2061 643 2094 tamennon
659 2058 702 2094 inde

80 2119 161 2167 sequitur
172 2119 262 2168 Epistolas
269 2119 301 2155 illi
313 2118 370 2154 fuisse
382 2118 465 2166 ignotas:
478 2131 538 2166 neque
546 2118 639 2154 Dallaeana
649 2131 702 2166 argu-

80 2182 143 2216 menta
156 2180 265 2228 persuadent
282 2180 373 2217 Irenaeum
389 2178 489 2215 necessario
503 2178 532 2215 uti
545 2178 622 2215 voluisse
634 2178 701 2215 talibus

80 2239 194 2286 testimoniis,
204 2240 219 2276 si
225 2240 241 2277 ei
250 2240 323 2288 cognita
331 2239 413 2276 fuissent.
432 2239 473 2276 lmo
482 2239 540 2276 multo
545 2239 659 2276 verisimilius
668 2243 700 2284 est,

82 2300 172 2348 supposito
185 2300 233 2349 quod
245 2300 343 2349 Ignatiana
355 2300 372 2337 ei
384 2299 461 2337 fuissent
473 2299 601 2348 cognitissima,
610 2303 632 2337 nt
644 2299 702 2337 nostri

82 2359 177 2406 affirmant,
187 2361 203 2397 si
215 2361 305 2397 scribendi
317 2360 392 2396 modum
405 2360 457 2396 abeo
468 2360 581 2396 obseruatum
593 2361 700 2408 spectemus,

83 2430 93 2452 a
106 2422 237 2458 sententiarum
249 2407 362 2469 excerptione
375 2420 465 2456 abstinere
477 2421 537 2468 potius
545 2421 626 2466 voluisse,
639 2434 701 2468 quem-

83 2477 180 2516 admodimr
188 2494 250 2519 revera
258 2480 365 2519 abstinuisse
375 2480 445 2517 dicitur.

109 2536 193 2587 Quinque
204 2541 261 2580 libros
274 2542 357 2580 adversus
365 2541 448 2579 Haereses
461 2539 531 2588 scripsit
541 2540 559 2577 S.
566 2540 647 2578 irenaeus
660 2541 703 2578 sane
711 2552 725 2582 s
732 2552 785 2584 irenei

83 2595 182 2642 praeclaros,
195 2613 233 2638 non
246 2604 310 2640 eodem
324 2605 405 2651 tempore
419 2604 453 2638 aut
467 2600 558 2647 contiuuo,
568 2605 589 2638 ut
603 2614 625 2638 ex
634 2602 703 2639 Praeti·
711 2591 753 2620 hihi-i

109 2661 155 2682 rarus.
163 2665 215 2687 viuum,
547 2671 558 2697 0
