1747 2957
151 169 188 206 216
310 172 319 196 ί
348 171 468 206 'rrsrruoura
481 176 563 205 orronurs

59 273 96 310 tim,
102 276 121 321 ut
125 274 141 303 id
146 309 148 313 Ι
154 266 267 315 Hieronymo
275 260 371 313 tribuatur,
377 271 396 304 et
405 262 523 304 ahombardo
531 269 550 302 et
555 264 630 311 rhama,
639 264 704 301 harum
712 265 777 301 rerum,

60 312 136 387 ssffffle'
152 329 300 378 imperitissimis,
308 329 341 366 sub
348 325 422 366 nomine
428 326 521 366 Ambrosii
526 326 597 371 citetur,
603 338 641 363 non
647 325 690 363 inde
697 325 774 362 efficitur

60 389 90 424 alii,
97 390 128 435 alii,
154 389 183 428 vel
190 389 240 427 hune
251 389 278 428 vei
286 389 338 428 illum
349 389 403 440 hujus
413 388 477 439 Operis
486 388 585 437 Auctorem
593 386 654 434 tuisse,
663 399 707 429 euru
713 386 775 424 neutri

60 428 144 496 ffipppppp
154 451 201 489 iliud
208 454 310 499 competere
316 463 368 499 posse
375 462 438 488 omnes
447 449 509 487 sciant.
530 448 566 486 Sed
574 447 616 485 inde
622 447 689 496 justior
698 447 775 496 suspicio

147 513 189 559 est,
195 524 234 549 esse
242 511 288 549 iilud
294 512 354 560 potius
362 511 418 560 ipsius
425 510 515 558 Origenis,
523 510 564 558 quia
569 509 676 547 Ambrosius
683 513 701 545 et
708 509 775 545 Hiero-

155 585 223 622 nymus
232 572 317 620 Origenis
324 571 384 609 muita
391 572 411 608 in
418 571 505 610 Latinum
514 583 615 609 sermonem
624 573 757 608 converterunt.

63 635 143 708 {ltffiffis
181 632 235 669 Nihil
247 633 304 680 igitur
318 623 378 668 valent
389 630 469 669 rationes
484 635 547 668 contra
561 630 659 679 Origenem
674 630 743 674 ailatae3
757 633 776 666 at

64 710 131 747 origenis
156 692 192 730 lliae
207 703 251 740 quas
266 703 299 739 pro
314 703 335 728 eo
349 691 499 727 afferemussnnt
513 690 635 728 validissimae:
659 690 777 738 Ouaecunque
825 709 827 712 .

64 756 131 820 2⁵3⁵„th
156 753 205 791 enim
214 752 236 790 de
245 752 304 800 Opere
317 751 377 800 aliquo
390 751 466 799 Origeni
480 751 585 789 ascribendo
598 752 633 789 dici
645 756 726 801 possunt,
731 750 777 788 huic

64 823 134 853 validissi-
156 812 244 862 imprimis
253 815 368 861 competunt·
384 812 449 860 Neque
457 812 530 859 mirum,
539 824 587 858 cum,
595 815 617 849 nt
625 812 669 850 olim
677 811 778 850 observavit

65 870 97 890 fflae.
127 877 132 886 ¹·

157 934 176 970 in
183 933 258 970 Cantieo
268 932 384 970 Oantioorum
392 933 431 981 ipse
440 945 459 970 se
467 933 528 970 vieit.'’
554 933 604 970 Nam
612 933 677 981 primo,
686 933 779 980 character

97 992 100 998 ’
125 1034 127 1038 ,
159 993 508 1042 Origenianorumreinsertpiuribus
517 984 779 1043 Mssineouegio'sretri

159 1055 206 1104 opud
215 1054 374 1103 Oantabrigienses
382 1055 472 1103 praefixus,
482 1055 618 1103 “Cognoscitur
627 1054 711 1104 Origenis
720 1068 779 1092 sermo

67 1124 141 1169 Styliou-
159 1128 191 1165 per
200 1108 488 1154 auctoritatum·abundantiam.”
513 1116 585 1153 Nuiiibi
597 1120 659 1153 autem
666 1116 780 1160 manifestior

66 1172 123 1230 {ffi
160 1176 190 1214 hic
203 1177 296 1214 character
309 1189 364 1225 quam
378 1176 398 1213 iu
410 1176 446 1213 hoc
461 1176 529 1225 Opere:
543 1177 562 1214 in
575 1189 615 1225 qno
624 1177 695 1214 Auctor
709 1188 780 1228 semper

68 1241 110 1268 teres.
161 1236 245 1281 excurrit,
261 1240 279 1273 et
292 1236 333 1272 loca
347 1237 365 1272 S.
376 1237 474 1283 Scriptura
487 1237 608 1283 undecunque
625 1237 705 1281 adducit,
722 1240 741 1271 et
757 1235 781 1271 ad

160 1295 404 1344 propositumsuumtrahit.
430 1295 781 1344 Seoundo,Tropoiugicaubiquesecta·
813 1320 815 1323 v

160 1359 192 1393 tur
208 1356 303 1405 Origenes,
318 1354 426 1393 notantibus
444 1355 528 1393 omnihus
544 1356 656 1402 Christianis,
672 1357 711 1404 ipso
726 1356 782 1393 etiam

162 1416 268 1465 Porphyrio.
295 1416 338 1453 Tres
350 1418 412 1453 autern
424 1419 511 1464 perpetuo
523 1427 591 1453 sensus
599 1416 620 1452 in
631 1418 671 1453 toto
682 1415 717 1452 hoc
729 1427 783 1464 opere

162 1475 281 1525 persequitur,
296 1475 409 1521 historicum,
423 1475 561 1525 tropologicum,
575 1476 694 1525 anagogicum
701 1492 706 1522 ,·
723 1470 793 1525 neque

162 1536 215 1572 aliter
223 1538 297 1584 exponit
304 1536 375 1584 reliqua
384 1536 482 1584 Scripturee
494 1537 534 1572 loca
545 1548 584 1584 qnae
596 1536 669 1574 adducit
678 1536 748 1579 obiter:
761 1539 783 1572 ut

160 1595 191 1632 hie
199 1595 253 1645 piane
262 1607 281 1633 se
292 1599 365 1643 superet
376 1595 471 1643 Origenes.
496 1596 558 1634 Tertio
568 1609 622 1633 nemo
635 1602 717 1645 uuquam
729 1595 784 1632 toties

163 1655 223 1705 Opera
231 1667 266 1692 sua·
271 1654 320 1704 prius
329 1654 397 1704 scripte
404 1655 490 1702 laudavit,
500 1669 521 1693 ac
530 1656 624 1706 Origenes.
650 1657 725 1696 Quoties
734 1656 784 1693 enim

163 1716 261 1765 Scripturae
272 1716 332 1754 locum
340 1716 400 1753 obiter
408 1716 460 1762 citat,
469 1716 492 1752 ad
500 1717 625 1765 Expositiones
638 1718 679 1755 suas
687 1717 784 1755 Lectorem

163 1776 246 1825 ablegare
254 1775 305 1815 solet.
318 1776 372 1814 Idem
379 1776 399 1813 in
407 1777 442 1815 hoc
451 1778 511 1826 Opere
519 1778 623 1827 frequenter
631 1778 715 1827 praestitit
720 1793 725 1824 3
739 1778 784 1816 citat
819 1773 821 1776 ’

163 1838 212 1875 enirn
219 1838 309 1876 Homilias
318 1851 359 1875 suas
367 1838 387 1875 in
394 1838 484 1884 Exodum,
491 1842 509 1875 et
517 1839 529 1875 J
529 1839 591 1876 udices
600 1841 660 1884 semel,
667 1840 687 1875 in
692 1840 784 1883 Numeros

164 1901 238 1945 quater,
256 1897 392 1947 Enphcationes
408 1898 429 1935 in
443 1898 551 1946 Leniticum,
569 1903 587 1936 et
605 1898 748 1937 Commentarios
764 1898 784 1937 in

163 1958 237 1996 Novum
248 1959 391 1997 Testamentum.
418 1959 493 2006 Ouarto,
509 1960 585 2009 Origeni
599 1960 654 1998 moris
669 1965 697 1998 est
713 1961 786 2009 propria

164 2018 239 2054 nomina
248 2018 340 2055 Hebraico
347 2019 469 2068 interpretari,
475 2020 494 2057 et
502 2032 524 2057 er
533 2032 596 2058 eorum
604 2021 785 2070 interpretationibus

166 2090 228 2115 sensus
241 2078 362 2126 tropologicos
376 2080 467 2127 expiscari.
492 2080 565 2117 Nuhibi
576 2081 690 2129 frequentius
699 2095 753 2130 quam
765 2082 786 2119 in

165 2138 194 2175 his
202 2137 263 2175 Tomis
272 2137 307 2175 hoc
315 2138 364 2174 tacit.
389 2138 413 2175 Iu
421 2138 499 2186 Prologo
506 2139 572 2186 inquit,
584 2140 642 2176 Israel
654 2141 675 2177 ob
688 2142 786 2177 atatam-am

166 2197 328 2244 coateaqzaa'oaea
335 2197 434 2234 aoataaas
443 2200 474 2234 est.
491 2198 563 2244 Zarath,
573 2199 631 2235 atiena
640 2199 732 2237 descensio.
750 2202 786 2238 De-

166 2258 226 2311 borab,
236 2258 281 2307 opis,
292 2257 319 2306 (ut
328 2256 397 2296 Homil.
407 2271 423 2296 v.
432 2258 453 2295 in
462 2258 474 2294 J
474 2258 548 2309 udices).
557 2260 635 2306 Barata,
643 2263 747 2308 coruscatio,
759 2262 786 2311 (nt

166 2319 229 2357 eadem
238 2318 310 2367 Hom).
320 2317 503 2366 Solomoofflccaflcos.
517 2319 599 2357 Homilia
606 2321 732 2369 prima,Edeo,
743 2323 786 2360 deti-

166 2381 202 2417 ca'e.
230 2379 318 2425 Secunda,
334 2376 397 2425 cetur,
410 2379 488 2427 nigredo,
500 2381 528 2418 oet
540 2381 642 2420 obscuritas.
668 2382 786 2432 Hierosolem,

166 2442 209 2479 eicio
218 2441 277 2488 pacis.
292 2440 327 2488 (Ut
340 2440 422 2478 Homilia
432 2441 468 2477 xxi.
477 2441 497 2477 in
509 2442 590 2487 Josuam,
601 2444 629 2478 De
640 2444 739 2484 Jerusalem
746 2445 787 2490 fre«

166 2504 239 2550 guento·
248 2500 330 2546 atatam,
337 2499 384 2548 qaod
391 2499 435 2537 eicio
440 2500 493 2548 aeas
501 2500 641 2552 interpretator).
667 2504 786 2551 abramaeae,

165 2573 225 2598 servae
233 2572 298 2608 regom.
323 2561 411 2606 Mambre,
421 2562 470 2598 atsto.
498 2562 595 2608 Chachina,
605 2564 697 2612 plenitudo
710 2567 786 2604 scientie

165 2622 200 2659 Dei
208 2622 235 2671 (ut
241 2622 261 2659 iu
267 2622 381 2660 Ezechielem
389 2622 471 2660 Humilia
476 2622 502 2672 ii.)
522 2623 612 2673 Eapoctdt,
620 2626 679 2663 ocutus
686 2627 788 2665 tentationis

129 908 131 911 Α
158 874 287 921 Hieronymus,
297 872 404 921 “Origenes
413 884 455 909 eum
464 872 485 908 in
497 871 567 909 caeteris
576 871 629 926 tibris·
638 883 700 909 omnes
708 870 775 910 uiceritv
831 890 832 894 =
842 871 843 874 ’
