1747 2957
165 213 201 250 102
248 216 330 251 ’λαντον
342 221 487 251 κιαιιακκοκυιι
498 220 693 251 κυτετυοιτκιαοκυιι.

167 309 268 361 ἐπισκόπῳ,
281 310 310 350 ἵνα
323 311 425 363 ῶμενΘεῲ
438 311 589 358 ὑποτασσόμενοι.
615 309 652 347 Καὶ
665 307 709 347 θσον
719 309 787 355 βλέπει

166 386 194 412 τις
205 374 286 421 σιηῶντα
298 372 404 416 ἐπίσκοπον,
413 372 470 411 πλέον
482 371 536 409 αύτάν
544 369 643 421 φοβείσθωΙ
652 368 714 407 πάντα
722 368 759 421 γάρ
767 368 788 408 ῦν

120 427 122 429 ’
167 431 237 480 πέμπει
250 433 260 470 ὁ
274 433 402 480 οἰκοδεσπότης
415 433 439 473 εἰς
453 432 499 470 ἰδίαν
511 430 618 479 οἰκονομίαν,
632 429 687 470 ούτως
702 429 729 468 δεῖ
742 431 789 480 ῦμιῖς

168 492 260 545 δέχεσθαι,
275 495 298 534 ῶς
314 494 369 532 αὐτὸν
385 495 415 533 τὸν
431 493 531 543 πέμποντα.
559 493 620 543 (Hane
637 493 745 530 sententiam
759 492 788 530 bis

169 554 218 600 citat,
232 556 310 592 lectione
324 557 436 603 aliquantum
449 556 540 593 variante:
556 553 618 591 πάντα
630 553 651 590 ὃν
666 551 688 590 άν
701 552 766 602 πέμπῃ
779 552 789 589 ὁ

169 613 297 660 οἰκοδεσπότης
306 615 330 653 εἰς
339 614 385 652 ἰδίαν
393 613 497 667 οῖκονομιῦιν,
507 612 562 653 οῦτως
569 613 617 661 ἡμᾶς
625 612 653 650 δεῖ
660 611 789 660 ὑποδέξασθαι,

169 673 192 714 ῶς
203 673 258 712 αὐτῶν
270 673 301 711 τδν
314 673 426 724 πέμψαντα.)
437 672 473 713 Τὸν
484 676 527 722 Ιηοῦν
539 672 645 717 ἐπίσκοπον,
658 671 681 713 ῶς
693 671 746 711 αὐτῶν
759 671 790 711 τὸν

170 732 241 784 Κύριον,
257 732 284 769 δεῖ
297 732 430 784 προσβλέπειν.
460 736 489 772 Ex
502 735 570 780 eadem,
586 746 601 771 c.
611 737 628 781 7,
645 733 730 773 Εῖύθασί
744 748 791 776 τινες

169 791 216 840 δύλῳ
224 795 297 842 πονηρῷ
305 793 325 830 τά
334 793 390 841 ύνομα
398 795 493 843 Χριστοῦο
501 794 609 844 περιφέρειν,
619 794 670 833 ἄλλα
680 795 721 833 τινά
731 794 791 846 προίσ·

170 868 232 893 σοντες
240 852 304 900 άνύξια
313 853 364 895 Θεοῦ,
374 852 403 893 οῦς
416 851 443 889 δεῖ
453 853 499 901 ὑμᾶς
511 853 534 892 (ῦς
546 853 600 904 θηρία
609 855 701 893 ἐκκλίνειν·
711 854 748 892 είσῖ
755 854 792 906 ηάρ

170 912 220 954 κύνες
235 915 339 954 λυσσῶντες
359 912 485 963 λαθροδῆκται·
503 914 533 953 οὓς
550 913 577 950 δεῖ
592 914 637 961 ὑμῶς
654 914 792 963 φυλάσσεσθαι,

170 973 222 1013 ὄντας
238 971 397 1024 δυσθεραπεύτους.
429 974 458 1010 Ex
474 973 543 1019 eadem,
560 987 575 1010 υ.
588 977 605 1020 9,
622 973 647 1010 Ἡ
663 973 727 1015 πίστις
743 974 793 1022 ἡμῶν

170 1034 272 1082 ἀναγωγαῖς
282 1033 336 1083 ἡμῶν·
348 1033 359 1082 ἡ
373 1033 392 1071 δὲ
403 1033 471 1082 άηάπη,
481 1032 520 1075 ὁδὸς
528 1033 539 1081 ἡ
548 1033 585 1072 ’άνω
594 1033 676 1085 φέρουσα
686 1034 733 1085 πρὸς
741 1032 798 1072 Θεύν

171 1097 199 1134 Ex
207 1095 276 1142 eadem,
287 1108 302 1133 ss.
312 1097 341 1134 H.
354 1094 446 1147 Ἔσχατοι
455 1093 518 1148 καιροί,
528 1093 607 1147 ἀδελφοί·
616 1095 683 1134 λοιπὸν
690 1094 793 1148 αἰσχυνθῶ-

172 1173 209 1205 μεν·
218 1157 328 1207 φοβηθῶμεν
336 1156 369 1204 τὴν
377 1156 502 1207 μακροθυμίαν
510 1158 541 1194 τοῦ
550 1158 602 1199 Θεοῦ,
611 1157 636 1205 μὴ
650 1157 674 1197 εἷς
686 1157 741 1208 κρίμα
752 1156 794 1204 ἡμῖν

173 1216 251 1265 ηένηται.
265 1215 292 1255 Ἢ
307 1216 344 1268 ηάρ
360 1217 393 1266 τὴν
410 1216 514 1265 μέλλουσαν
531 1215 586 1267 ὀρηὴν
603 1216 717 1267 φοβηθῶμεν,
733 1216 745 1265 ἢ
762 1216 795 1265 τὴν

174 1278 277 1315 ἐνεστῶσαν
296 1277 350 1328 χάριν
367 1276 491 1325 άηαπήσωμεν
508 1278 526 1315 έν
543 1279 568 1327 τῷ
584 1279 615 1314 νῦν
630 1276 689 1326 βίῳλ·
706 1277 760 1324 μόνον
777 1278 795 1323 έν

174 1339 251 1386 Χριστῷ
261 1336 322 1382 Ἰησοῦ
336 1337 437 1386 εῦρεθῶμεν,
462 1338 490 1374 Ex
504 1337 571 1381 eadem,
586 1349 601 1373 e.
611 1339 640 1381 13,
649 1335 711 1373 Ὅταν
725 1339 796 1376 πυκνῶς

175 1395 206 1435 ἐπί
219 1395 240 1434 τά
254 1395 297 1434 αῦτδ
310 1394 389 1445 (γίνεσθε,
402 1396 528 1447 καθαιροῦνται
543 1395 562 1434 αἱ
575 1394 657 1444 δυνάμεις
671 1399 702 1438 τοῦ
717 1395 795 1442 Σατανᾶ,

174 1456 237 1494 λύεται
245 1457 320 1509 ὄλεθρος
328 1457 381 1495 αὐτοῦ
390 1458 409 1493 έν
417 1458 440 1505 τῇ
448 1456 521 1507 ὁμονοία
527 1456 576 1503 ὑμῶν
582 1458 613 1504 τῆς
619 1455 704 1497 πίστεως.
717 1458 760 1506 Oap.
767 1460 795 1499 14,

175 1516 335 1555 Οὐδὲνλανθάνει
352 1516 401 1564 ὑμεῖς,
421 1515 453 1554 ε’άν
468 1516 493 1557 εἰς
509 1515 593 1567 Χριστὸν
606 1516 677 1563 Ἰησοῦν
693 1516 747 1568 ἔχητε
764 1516 797 1565 τὴν

175 1577 243 1622 πίστιν,
253 1577 283 1614 καί
293 1577 325 1624 τὴν
336 1576 414 1624 άηάπην,
420 1576 462 1624 ’ἥτις
474 1576 524 1614 ἐστὶν
533 1576 581 1627 ἀρχὴ
591 1578 635 1624 ζωῆς
643 1577 674 1614 καὶ
682 1576 738 1618 τέλος·
747 1576 796 1628 άρχη

175 1637 226 1685 μὲνὴ
235 1637 303 1679 πίστις,
312 1636 364 1677 τέλος
372 1635 392 1673 δὲ
401 1636 412 1684 ἡ
421 1636 488 1684 άηάπη
498 1635 522 1674 τά
533 1635 552 1673 δὲ
562 1635 592 1674 δύο
604 1637 622 1674 ἐν
634 1635 702 1683 ένότητι
713 1637 797 1686 ηινόμενιι

176 1697 220 1739 Θεύς
236 1699 280 1736 ἐστι·
296 1699 362 1748 (minus
375 1702 425 1736 recte
439 1711 472 1747 pro
486 1697 545 1746 Θεοῦ)
561 1697 585 1736 τά
601 1696 621 1735 δὲ
635 1697 686 1736 άλλα
698 1698 759 1738 πάντα
773 1698 797 1740 εἰς

176 1759 312 1808 καλοκαηαθίαν
320 1757 410 1797 άκύλουθά
419 1759 474 1797 ε’στιν·
496 1757 560 1799 Οὐδεὶς
568 1758 633 1797 πίστιν
642 1759 798 1808 έπαηηελλάμενος

176 1820 226 1871 ἔχειν
234 1819 336 1871 ἁμαρτάνει·
345 1818 401 1860 οὐδεὶς
410 1818 484 1868 άηιῖπην
493 1818 599 1867 κεκτημένος
607 1821 662 1867 μισεῖ.
688 1819 769 1871 Φανεράν
777 1819 797 1858 τά

177 1880 248 1930 δένδρον
264 1879 301 1917 άπῦ
322 1883 353 1917 τοῦ
374 1882 445 1930 καρποῦ
461 1878 520 1916 αὐτοῦ·
538 1878 593 1917 οῦτως
609 1879 627 1914 οἱ
643 1879 798 1927 έπυηηελλύμενοι

177 1942 258 1990 Χριστοῦ
273 1940 321 1983 εῖναι,
335 1938 356 1977 δι’
370 1939 394 1977 ῶν
406 1938 524 1990 πράσσουσιν
535 1937 651 1989 ὀφθήσονται.
678 1937 706 1977 Οὐ
719 1938 755 1992 ηάρ
769 1942 799 1978 νῦν

179 2000 289 2048 ἐπαηηελίας
298 2001 318 2038 τὸ
328 1999 384 2051 έρηον,
394 1999 445 2038 ἀλλά
453 1999 527 2048 δυνάμει
539 1998 619 2043 πίστεως
628 1999 659 2038 ε’άν
666 2015 693 2042 τις
702 2000 765 2052 εὑρεθῇ
774 2000 799 2042 είς

179 2060 235 2100 τέλος.
261 2062 304 2109 Cap.
314 2063 342 2102 16,
358 2059 391 2107 Μὴ
405 2060 507 2103 πλανῦσθε,
522 2059 600 2111 ἀδελφοί
610 2076 650 2109 μον
665 2060 683 2099 οἱ
695 2060 799 2113 οῦκοφθύροι

179 2119 279 2165 βασιλείαν
292 2120 339 2156 Θεοῦ
352 2118 371 2155 ού
383 2120 554 2168 κληρονομήσουσιν,
580 2120 604 2157 Εἰ
615 2121 646 2158 οῦν
659 2121 676 2157 οἱ
680 2122 731 2164 ,κατά
739 2121 800 2172 σάρκα

179 2182 237 2219 ταῦτα
247 2178 350 2231 πάσχοντες
362 2178 481 2225 ἀπέθνησκον,
490 2179 543 2229 πόσῳ
554 2182 627 2226 μᾶλλον
641 2180 672 2219 ε’άν
683 2182 726 2230 [τις]
737 2181 800 2226 πίστιν

178 2242 199 2283 ,ἐν
213 2238 368 2289 κακοδιδασκαλίη
381 2237 451 2289 φθείρῃ,
465 2237 510 2288 ὑπὲρ
523 2237 543 2285 ἧς
557 2236 628 2284 Ἰησοῦς
641 2239 721 2290 Χριστὸς
736 2240 800 2279 ἐσταυ-

179 2300 241 2353 ριάθη;
255 2299 283 2338 θτι
296 2298 346 2340 οῦτος
357 2297 437 2350 ῥυπαρὸς
449 2297 541 2347 γενόμενος
554 2297 579 2339 εἰς
591 2298 611 2336 τά
625 2302 661 2350 πῦρ
674 2301 694 2338 τῦ
705 2300 800 2347 ι’ίσβεστον

178 2362 265 2414 χωρήσει,
273 2360 337 2409 ὁμοίως
345 2359 376 2397 καί
384 2359 393 2396 ὁ
402 2358 471 2396 άκοθων
479 2357 538 2396 αὑτοῦ.
794 2406 796 2408 ‚

178 2453 184 2458 ,
204 2423 257 2460 Idem
268 2435 290 2460 ex
301 2422 359 2470 Epist.
372 2420 395 2457 ad
407 2419 519 2468 Magnesios‚
532 2433 547 2457 ο.
555 2422 572 2466 3,
578 2421 596 2466 ῶ,
608 2419 641 2461 Εῖς
652 2419 705 2469 τιμὴν
714 2422 761 2459 Θεοῦ
769 2425 800 2460 τοῦ

181 2482 291 2530 θελήσαντος
302 2482 349 2531 ἡμεῖς
360 2480 430 2533 πρέπον
439 2480 491 2518 ἐστίν
498 2479 607 2518 ῦπακούεινύ
615 2483 641 2531 τφ
650 2480 746 2531 ἐπισκύπιμ
754 2482 800 2520 κατά

199 2574 272 2600 “Nomen
282 2576 343 2607 Χριστοῦ,
354 2573 391 2607 quod
401 2581 450 2600 sensus
458 2572 479 2600 vi·
504 2573 528 2598 νῦν
539 2570 568 2606 βίῳ,
581 2570 656 2597 confirmat
669 2571 740 2609 interpres
752 2572 801 2602 Arme·

180 2608 479 2647 deturpastulare,abestae‘mlffied.et
503 2608 556 2637 πίνετε.
777 2606 778 2609 ’

181 2651 213 2680 Veh⁴
220 2649 251 2677 Lat.
353 2672 355 2674 .
523 2652 529 2668 ι
542 2647 560 2675 In
570 2646 601 2675 edd.
614 2648 687 2683 ἐπακούειν,
698 2651 736 2685 quod
746 2653 801 2679 tutatur

199 2694 204 2712 ι·
215 2686 297 2717 Notabilem
306 2696 335 2717 τοι,
345 2687 425 2722 lectionem,
437 2686 451 2715 ἐν
460 2687 479 2723 τῷ
503 2684 593 2715 Jacohsonus.
614 2685 666 2716 Veram
674 2687 750 2718 lectionem
760 2688 801 2718 credo
