1679 2935
266 239 273 247 ,,
313 209 409 238 neruosus
422 208 505 236 emirum.
527 196 529 200 “
661 203 718 252 uixiii

356 375 420 405 CAPUT
430 376 456 405 IV.

94 469 142 498 Prima
149 466 217 501 Assertio,
223 465 266 503 verbu
274 465 301 495 iiie
310 465 339 495 οὐκ
348 465 373 494 era
380 468 421 502 σιγῆς
428 465 497 502 προελθὼν
504 465 566 495 heresin
572 465 672 495 Ebionitarum

112 515 157 544 ferire.
180 514 251 542 Probatur
261 522 278 542 ex
289 512 406 542 antecedentibus
418 515 433 541 ct
444 514 566 551 consequentibus.
590 514 672 551 Euplicatio

111 562 169 589 tautum
176 561 209 588 sunt
214 557 260 596 Λόγον
268 558 313 588 dietae.
334 559 409 596 oppositio
417 559 456 588 inter
464 560 508 596 λόγον
514 561 529 589 et
538 560 579 596 σιγὴν
588 560 672 597 frequentis-

112 604 152 634 sima.
176 602 232 642 Petuuii
241 603 312 641 expositio
324 603 409 633 defenditur.
435 603 499 640 Objectio
510 603 590 644 deirigida
600 604 672 641 locutione

111 652 179 689 rejicitur.
197 651 587 689 similesvereruml‘utrumerpiieueienesafferruiur.
604 651 672 681 Cerrinus
729 679 732 683 .

111 701 208 737 AArrgustui
216 701 255 730 loeus
265 699 373 736 vindicabunt
382 700 426 729 altero
437 698 511 736 brigantii
519 699 589 728 fimatur.
607 699 672 729 Locutio-

111 757 144 777 uem
151 748 208 777 inanem
214 757 244 777 non
251 757 285 777 esse.
304 748 338 778 Vox
343 750 414 785 προελθεῖν
422 747 499 776 Poterisne
508 748 556 777 sensui
562 756 592 777 nen
597 751 671 785 repugnet.
695 776 696 779 ,

112 794 550 833 'Ereraderetdetorpesnonmalereddipestsilentiare.
608 818 611 824 .
668 818 671 825 .
691 798 718 826 eei

358 964 421 994 CAPUT
431 966 449 995 V.

94 1054 157 1083 Assertio
163 1053 228 1087 secunda,
234 1053 282 1081 Verba
288 1053 313 1081 illa
319 1053 338 1081 ad
341 1053 436 1083 Valentinum
442 1053 500 1080 omnino
507 1060 536 1080 non
542 1054 613 1092 spectare
619 1052 671 1081 Valen-

111 1101 163 1131 tiniani
170 1109 243 1138 nunquam
249 1100 317 1129 (iixerunt
323 1099 368 1136 Sigen
372 1098 507 1137 peperisseirogum.
518 1100 536 1128 ln
541 1099 671 1139 Sobolallalentmi

110 1149 184 1179 solusNus
190 1158 208 1177 ex
213 1149 260 1184 Bytho
267 1150 281 1177 et
288 1148 325 1184 sige,
330 1148 362 1177 ideo
369 1148 456 1185 Monogenes
462 1147 546 1185 appellatus.
562 1148 610 1185 irogus
616 1151 669 1183 autem,

112 1197 150 1234 quod
159 1206 167 1226 e
178 1196 225 1233 Bytho
235 1199 250 1225 et
261 1196 294 1232 Siga
304 1199 337 1226 non,
344 1197 384 1232 esset,
392 1197 408 1225 in
420 1196 548 1234 deminorationem
557 1198 604 1231 uetus,
611 1198 626 1225 et
635 1196 672 1225 onn

111 1252 156 1274 amous
166 1245 197 1273 fuit.
218 1243 304 1281 Genealogia
310 1244 372 1274 onnum
381 1253 390 1274 a
399 1243 474 1274 blondello
484 1253 558 1282 perperam
564 1247 670 1281 repraesentata.

111 1292 215 1329 Fragmentum
221 1291 296 1321 Valentini
306 1292 345 1329 apud
354 1292 452 1329 Epiphanium
463 1293 545 1328 explicatur,
565 1293 610 1320 Locus
621 1292 672 1328 Cprilii

111 1339 240 1376 Hierosolyuritani
249 1339 329 1369 discutitur.
354 1340 407 1369 Dulleei
415 1340 489 1369 distinctio
500 1340 517 1368 de
526 1339 590 1368 mediete
599 1342 613 1368 et
622 1341 671 1369 imme-

112 1388 151 1416 diata
157 1388 231 1415 eductione
237 1388 323 1424 exploditur.
336 1388 384 1417 Verba
391 1389 445 1424 Ignatii
451 1396 484 1416 eum
490 1388 547 1425 placitis
553 1388 628 1417 Valentini
634 1388 671 1417 male
680 1393 682 1399 '
725 1392 734 1411 ’Ξ

112 1439 220 1474 componuntur.
239 1437 333 1473 Argumentis
339 1436 392 1466 Dalleei
398 1437 464 1466 omuibus
470 1436 569 1474 particulatim
575 1436 672 1474 respondetur.

112 1485 177 1515 Cenuine
183 1485 291 1522 ignatiunorum
301 1485 377 1523 explicatio
386 1485 455 1514 redditur.
474 1485 592 1514 Adversariorum
601 1485 671 1523 expositio

113 1533 168 1562 detorta
175 1532 254 1562 ostenditur
309 1553 669 1562 .......
690 1533 717 1562 eoi

354 1680 419 1709 CAPUT
429 1680 455 1709 VI.

96 1768 159 1798 Assertio
166 1768 213 1809 tertie,
220 1767 287 1796 Heeresin
294 1768 332 1797 bunc
338 1762 465 1807 Valentino-inisse
473 1767 573 1804 antiquiorem,
579 1769 594 1796 et
602 1767 671 1798 aVeteri-

112 1819 138 1847 bus
148 1814 219 1845 Guestiois
228 1817 305 1852 acceptum⁴
323 1815 365 1844 idem
371 1816 438 1844 asseritur
446 1815 464 1844 ab
471 1815 530 1851 Irenaeo,
540 1816 632 1852 Tertulliano,
639 1816 672 1854 Epi-

112 1865 170 1903 plmnio,
177 1867 191 1893 et
195 1864 287 1894 Tlreodoreto.
298 1863 382 1893 Cstonditur
388 1864 452 1900 Bytbum
459 1866 474 1892 et
480 1864 524 1900 Sigen
529 1864 568 1892 inter
572 1864 672 1894 Gnosticorum

112 1915 176 1943 ueterum
186 1912 298 1942 combinationes
306 1911 353 1948 fuisse,
363 1914 412 1942 contre
422 1911 517 1942 blondellum.
536 1911 606 1942 Probatur
615 1913 672 1943 eosdem

112 1965 127 1991 et
133 1962 168 1991 Nun
175 1964 189 1989 et
195 1961 272 1990 Alctheiun
282 1970 300 1989 ex
309 1961 356 1997 Bytho
366 1963 381 1989 et
390 1961 424 1997 Sige
433 1961 502 1996 eduxisse,
509 1958 530 1989 ex'
536 1960 562 1989 Nu
568 1969 602 1991 vero
610 1961 633 1991 vei
643 1961 671 1990 An·

112 2011 163 2046 theopo
170 2009 224 2045 rogen,
229 2010 278 2038 eontra
284 2008 359 2037 Daliaeum.
375 2008 408 2037 Tria
414 2008 467 2036 Dulieei
472 2011 557 2043 argumenta
563 2009 579 2036 in
585 2010 672 2037 eontrarium

113 2056 174 2087 adducta
180 2055 264 2086 refelluntur

353 2207 417 2237 error
427 2207 461 2238 ru.
517 2187 522 2191 ”

96 2297 149 2331 Cuurte
160 2296 224 2325 Assertio
236 2297 324 2332 proponitur,
335 2297 394 2325 Proberi
405 2299 444 2326 certo
453 2306 483 2326 neu
495 2306 535 2333 posse
548 2299 586 2332 ipsos
597 2297 671 2325 Valentini

114 2352 167 2374 errores
174 2342 232 2380 ignatio
242 2342 285 2371 fuisse
294 2342 352 2381 penitus
362 2343 447 2381 incognitos.
466 2343 505 2373 Fieri
511 2345 573 2382 potuisse
581 2345 598 2373 ut
607 2344 672 2381 ignatius

114 2393 203 2428 cognosceret
209 2391 277 2427 probetur
285 2401 303 2419 ex
310 2387 352 2420 aetate
358 2391 436 2433 Veientini
443 2402 475 2422 eum
483 2394 509 2422 illa
517 2394 531 2422 S.
536 2394 611 2430 Polycarpi
617 2401 672 2430 compa·

113 2442 148 2468 retu.
167 2438 261 2467 Valentinum
269 2440 302 2475 post
308 2439 386 2468 Anicetum
392 2440 444 2470 uixisse
449 2441 514 2478 negatur.
534 2440 580 2469 Locus
586 2440 671 2469 Tertulliani

114 2487 189 2517 excutitur,
202 2486 363 2524 Blondeiiiargumento
369 2487 466 2526 respondetur.
475 2488 560 2526 Antiquitas
565 2487 671 2518 Valentinianae

113 2537 207 2565 nereseesex
213 2535 282 2565 Veterum
292 2537 390 2565 monumentis
401 2538 459 2566 eruitur.
478 2537 500 2566 De
510 2539 552 2566 eetete
562 2537 630 2566 Basilidis
638 2546 671 2565 oum

114 2584 169 2613 Deliaco
175 2583 260 2621 disputetur.
279 2582 317 2613 Tum
322 2582 384 2613 heresin
390 2593 430 2614 suum
439 2585 502 2615 docuisse
509 2578 542 2614 ante
551 2585 622 2614 Hadriani
628 2579 672 2623 impe

114 2632 242 2663 rirmosieniiiur,
262 2632 638 2672 TestimoniisaDallaeeadductislusereepondetur
668 2655 671 2662 .
690 2633 717 2662 iel

120 2708 168 2730 relus.
178 2708 231 2731 munio.
561 2714 571 2738 ῃ
