1679 2935
211 181 370 216 renunc-mouisti
382 187 430 215 raris
438 181 529 215 ,namrua
645 173 680 218 255

60 280 133 322 drinium
139 282 245 327 Rhetorem,
252 286 273 318 ut
280 274 387 318 Anastasius
396 282 414 316 et
423 279 528 325 choniates,
537 280 583 316 sed”
594 273 682 328 magnum

60 345 169 395 Dionysium
189 343 242 380 illum
262 340 378 380 Alexandriae
389 352 418 378 cx
439 339 551 378 Rhetorilrus
563 340 683 391 -Mpiseopum

61 410 73 427 “
81 404 160 445 dixisse''
173 416 216 441 eum
223 403 268 440 vult.
295 402 330 439 His
342 401 413 450 probris
425 404 480 451 atque
493 401 583 449 conviciis,
595 405 616 439 ut
631 403 682 449 solet,

61 467 194 505 sanctissimum
204 465 366 511 doetissimumque
378 463 482 500 Maximum
494 464 567 517 lacerat,
579 464 683 500 Maximum

60 530 118 574 illum,
128 538 181 575 quem
196 525 233 562 “in
241 537 308 573 magna
316 524 371 562 fuisse
380 524 428 573 apud
437 524 540 562 Catholicos
549 525 655 562 cruditionis
664 529 683 563 ct

62 588 163 628 sanctitatis
172 586 271 635 opinione'’
282 586 320 635 ipse
329 586 421 623 confessus
430 590 462 623 est.
482 578 552 637 Ἐχρῆν
560 584 591 623 οὖν
600 584 683 632 εὐλαβῶς

61 654 98 692 τοῖς
110 645 309 698 πῶνπατέρωνπόνοις
323 646 427 699 προσέχειν·
440 645 491 685 ἀλλὰ
502 646 527 696 μὴ
540 646 585 699 πρὸς
594 645 683 695 διαβολὴν
738 658 740 660 ’

61 710 101 748 ἀντὶ
113 711 145 747 τοῦ
157 707 272 756 εὐγνωμονεῖν
284 707 365 755 ἑτοίμους
373 707 435 747 ,staua
455 711 528 757 Oportet
540 714 598 746 catera
606 710 683 746 Petraea

62 770 149 808 teteritas
157 771 257 805 reverenter
265 769 361 815 attendere,
371 780 425 817 aeque
434 770 458 806 dd
470 770 612 806 cotetraatcactam
622 770 683 817 μοίίαο

62 844 113 881 praem
124 831 148 866 od
156 830 197 866 leae
206 830 227 865 de
238 829 275 866 tua
286 830 394 866 sentiendam
404 834 496 878 promptos
509 842 551 876 esse,
559 834 581 867 ut
592 830 683 879 sapienter

62 894 107 931 dixit
114 892 202 939 Eulogius
213 891 319 929 Patriarclra
330 891 464 929 Alexandrinus
469 898 481 929 ⁰.
506 891 532 929 At
543 896 591 929 certe
605 892 683 929 Choria-

62 959 100 990 tem
115 955 216 1002 pervertere
230 952 323 989 Maximus
339 964 377 990 non
390 951 456 1001 potuit,
471 952 503 1001 qui
516 954 544 989 tot
559 952 629 990 saeculis
642 956 684 1002 post

61 1015 120 1063 ipsum
125 1013 174 1059 uixit,
184 1017 202 1050 et
208 1014 329 1051 vetustiorum
337 1013 392 1051 verba
400 1013 483 1051 mutavit.
498 1013 616 1051 Anastasium
622 1018 683 1051 vetus-

61 1075 125 1112 tiorem
130 1075 169 1122 ipso
174 1087 211 1111 non
217 1074 345 1122 pervertisset
351 1075 389 1124 ejus
395 1074 532 1111 verbafideliter
538 1074 626 1111 recitavit.
640 1075 683 1122 Ipse

62 1135 110 1173 eninr
118 1134 225 1172 Anastasius
234 1134 343 1185 Dionysium
353 1134 406 1173 illum
416 1132 454 1172 non
465 1134 569 1183 simpiliciter
577 1135 683 1182 Dionysiam

61 1197 154 1233 Rdetorem
161 1196 310 1242 Alexandrinam,
318 1200 340 1233 ut
349 1195 394 1234 falso
404 1196 456 1233 dccet
464 1196 551 1242 Dallaeus,
561 1195 592 1232 sed
600 1208 683 1243 νοορααον

61 1257 166 1306 Dionysiam
179 1257 326 1295 Ateaeadrtaam'
338 1270 360 1295 ομ
376 1257 483 1295 Rdctcm'das
499 1246 606 1306 Episcopum
623 1257 683 1307 appel·
717 1248 718 1251 Ἰ

61 1318 109 1355 lavit.
134 1319 197 1356 Verba
207 1320 246 1366 ejus
258 1323 301 1355 suut
313 1319 334 1355 in
342 1320 402 1367 Opere
414 1319 462 1365 quod
472 1318 579 1355 inscribitur
590 1316 683 1366 ‘Odapdsi

60 1376 82 1413 Ὁ
91 1379 134 1425 γοῦν
146 1376 202 1427 μέγας
214 1377 313 1422 Διονύσιος,
325 1377 334 1415 ὁ
346 1377 485 1429 Ἀλεξανδρείας
495 1376 615 1420 Ἐπίσκοπος,
628 1377 684 1415 (idad
734 1428 737 1431 Δ

60 1437 143 1489 ῥητόρων,
155 1439 174 1476 ἐν
181 1441 222 1479 τοῖς
228 1443 311 1490 σχολίοις
319 1438 346 1480 οἷς
354 1438 454 1485 πεποίηκεν
460 1430 484 1480 etc
489 1437 520 1475 τὸν
528 1437 618 1490 μαννάριον
627 1438 684 1476 ccvii-
734 1435 737 1439 ’

60 1513 114 1546 νυμον
129 1498 183 1536 αὐτοῦ
196 1498 297 1545 Διονύσιον,
312 1499 359 1536 οὕτω
373 1499 429 1547 λέγει.
455 1501 501 1536 Haec
514 1499 619 1537 fidelissime
632 1504 682 1536 tran-

60 1553 131 1608 scripsit
144 1560 243 1606 Maximus,
257 1573 281 1598 ne
291 1560 366 1598 verbulo
379 1561 453 1609 quidem
466 1560 534 1605 addito,
550 1564 582 1597 aut
593 1560 681 1607 detracto,

60 1627 91 1657 aut
101 1620 208 1666 immutato3
224 1625 245 1657 ut
256 1633 278 1658 ex
288 1624 366 1669 utroque
377 1622 418 1658 loeo
429 1614 439 1657 a
450 1621 502 1658 nobis
514 1621 593 1658 fideliter
605 1634 628 1658 ex
639 1622 683 1670 ipsis

60 1681 170 1718 Auctoribus
179 1681 274 1730 descripte,
285 1681 355 1730 liquido
364 1685 444 1730 apparet.
469 1681 525 1719 Unde
533 1682 587 1718 simul
595 1685 613 1718 et
622 1682 683 1719 Maxi-

60 1753 100 1778 mus
113 1754 124 1778 a
135 1741 230 1779 calumniis
243 1742 308 1780 Delleei
321 1741 415 1788 liberatur,
424 1746 443 1779 et
456 1741 556 1792 Dionysius
572 1742 682 1780 Scholiastes

61 1796 228 1850 Areopagiticornm
245 1804 328 1840 adversus
342 1804 431 1840 Halloixii
445 1805 559 1851 conjecturas
574 1804 682 1841 ostenditur.

62 1862 74 1879 “
83 1862 103 1898 Si
115 1863 183 1909 enim,”
196 1863 257 1912 inquit
269 1864 305 1910 illc,
321 1856 467 1913 “Areopagum
479 1864 602 1910 intellexisset,
615 1864 681 1912 potius,

61 1924 82 1957 ut
94 1923 130 1960 fert
143 1925 251 1973 scriptorum
266 1925 382 1971 consuetudo,
397 1925 422 1961 sic
436 1924 507 1961 locutus
518 1923 586 1970 fuisset,
599 1924 622 1961 Ia
634 1925 681 1961 actis

62 1992 104 2028 qam
112 1985 184 2032 sempsit
192 1986 211 2023 ta
219 1986 265 2023 ίιααο
274 1987 331 2034 pisam
339 1977 444 2034 Dionysiam
448 2001 454 2028 ;
468 1976 533 2034 agebat
545 1985 594 2022 enim
606 1978 648 2023 tum
658 1986 682 2024 de

63 2042 149 2093 Dionysio
157 2046 285 2096 Αοεορόςίίο.η
298 2048 325 2084 At
333 2047 426 2084 Maximus
435 2059 474 2084 non
483 2046 519 2083 suis
527 2047 587 2083 verbis
594 2047 682 2095 loquitur,

63 2102 94 2138 sed
105 2103 172 2152 alienis,
181 2110 200 2144 et
211 2119 233 2144 ex
247 2107 345 2144 Anastasio
358 2106 609 2155 transcriptis,¹¹·(Anastasius
620 2112 682 2144 autem

63 2160 84 2199 de
93 2163 180 2215 Dionysio
188 2169 299 2218 Areopagita
308 2181 347 2206 non
359 2167 436 2218 agebat)
447 2167 524 2217 ideoque
533 2168 545 2204 J
546 2180 613 2206 oannes
623 2169 681 2219 Cypa-

63 2222 147 2273 rissiotus,
161 2228 206 2267 Dec.
220 2230 258 2268 xiii.
272 2243 309 2279 cap.
322 2231 351 2276 10,
367 2230 482 2278 Areopagitae
493 2230 554 2267 locum
565 2230 632 2275 citans,
649 2230 682 2267 uhi

63 2295 124 2323 vocem
138 2287 234 2336 ἅτγέννητος
250 2283 331 2340 usurpat,
349 2291 431 2336 Maximi,
448 2294 475 2337 ut,
486 2291 537 2334 solet,
552 2290 682 2338 expositionem

63 2344 169 2395 transcribit,
183 2351 215 2388 illa
227 2364 270 2388 vero
283 2351 368 2400 Dionysii
380 2350 499 2388 Alexandrini
511 2362 549 2387 non
563 2363 585 2387 ex
595 2350 682 2388 ‘Maximo

63 2404 94 2441 sed
102 2419 124 2444 ex
130 2409 187 2448 Beato
193 2413 290 2449 Anastasio
299 2413 356 2448 affert.
381 2413 406 2448 nt
414 2410 521 2447 Anastasius
529 2410 586 2458 igitur
594 2414 612 2447 et
621 2411 683 2448 Maxi-

62 2475 102 2502 mus
115 2471 210 2519 testantur,
225 2471 335 2522 Dionysium
348 2470 439 2521 quendam
456 2466 555 2508 Rhetorem
573 2470 646 2509 Scholia
661 2472 682 2510 in
697 2515 699 2519 ¹

63 2522 175 2577 Dionysium,
192 2533 247 2583 vulgo
263 2531 392 2582 Areopagitam
409 2531 483 2578 dictum,
504 2531 606 2582 scripsisse:
627 2532 682 2570 verba

55 2629 59 2641 ε
81 2612 140 2658 '‘Apud
153 2620 194 2652 Phot.
208 2619 245 2665 Blbl
259 2624 293 2654 dod.
310 2633 359 2654 cerm.
408 2622 485 2653 ‘adrium
501 2624 539 2653 inter
555 2623 618 2660 Gretscri
641 2624 682 2662 Opp,

62 2651 118 2683 subdu.
190 2686 192 2689 ,
232 2691 236 2694 ,.
383 2662 454 2691 tomxiv.
663 2667 665 2669 ’
