<?xml version="1.0" encoding="UTF-8"?>
<!DOCTYPE html PUBLIC "-//W3C//DTD XHTML 1.0 Transitional//EN"
    "http://www.w3.org/TR/xhtml1/DTD/xhtml1-transitional.dtd">
<html xmlns="http://www.w3.org/1999/xhtml" xml:lang="en" lang="en">
 <head>
  <title>
</title>
<meta http-equiv="Content-Type" content="text/html;charset=utf-8" />
  <meta name='ocr-system' content='tesseract 3.04.00' />
  <meta name='ocr-capabilities' content='ocr_page ocr_carea ocr_par ocr_line ocrx_word'/>
</head>
<body>
  <div class='ocr_page' id='page_1' title='image "MN41843ucmf_1_0290.png"; bbox 0 0 1747 2957; ppageno 0'>
   <div class='ocr_carea' id='block_1_1' title="bbox 210 213 689 255">
    <p class='ocr_par' dir='ltr' id='par_1_1' title="bbox 210 213 689 255">
     <span class='ocr_line' id='line_1_1' title="bbox 210 213 689 255; baseline 0.002 -4"><span class='ocrx_word' id='word_1_1' title='bbox 210 215 254 252; x_wconf 66' lang='grc'><strong>2311</strong></span> <span class='ocrx_word' id='word_1_2' title='bbox 335 245 338 250; x_wconf 90' lang='grc'>.</span> <span class='ocrx_word' id='word_1_3' title='bbox 358 224 430 254; x_wconf 78' lang='lat' dir='ltr'>unsrun</span> <span class='ocrx_word' id='word_1_4' title='bbox 441 218 551 255; x_wconf 75' lang='lat' dir='ltr'>acarnanas</span> <span class='ocrx_word' id='word_1_5' title='bbox 563 213 689 253; x_wconf 64' lang='lat' dir='ltr'>nnrnnurrnlti</span> 
     </span>
    </p>
   </div>
   <div class='ocr_carea' id='block_1_2' title="bbox 125 305 874 2609">
    <p class='ocr_par' dir='ltr' id='par_1_2' title="bbox 213 305 874 1453">
     <span class='ocr_line' id='line_1_2' title="bbox 213 305 834 367; baseline 0.003 -14"><span class='ocrx_word' id='word_1_6' title='bbox 213 316 259 353; x_wconf 84' lang='lat' dir='ltr'>situs</span> <span class='ocrx_word' id='word_1_7' title='bbox 268 320 300 364; x_wconf 88' lang='lat' dir='ltr'>est,</span> <span class='ocrx_word' id='word_1_8' title='bbox 309 317 362 367; x_wconf 87' lang='lat' dir='ltr'>eique</span> <span class='ocrx_word' id='word_1_9' title='bbox 371 310 462 356; x_wconf 81' lang='lat' dir='ltr'>suffectus</span> <span class='ocrx_word' id='word_1_10' title='bbox 468 307 571 365; x_wconf 78' lang='lat' dir='ltr'>Gregorius</span> <span class='ocrx_word' id='word_1_11' title='bbox 597 317 621 353; x_wconf 88' lang='lat' dir='ltr'>In</span> <span class='ocrx_word' id='word_1_12' title='bbox 630 316 724 353; x_wconf 82' lang='lat' dir='ltr'>occidente</span> <span class='ocrx_word' id='word_1_13' title='bbox 734 309 791 364; x_wconf 79' lang='lat' dir='ltr'>igitur</span> <span class='ocrx_word' id='word_1_14' title='bbox 799 305 834 365; x_wconf 22' lang='lat' dir='ltr'>‘pier</span> 
     </span>
     <span class='ocr_line' id='line_1_3' title="bbox 213 369 834 430; baseline -0.002 -16"><span class='ocrx_word' id='word_1_15' title='bbox 213 378 314 428; x_wconf 81' lang='lat' dir='ltr'><strong>complures</strong></span> <span class='ocrx_word' id='word_1_16' title='bbox 327 392 384 417; x_wconf 89' lang='lat' dir='ltr'>anuos</span> <span class='ocrx_word' id='word_1_17' title='bbox 399 379 484 425; x_wconf 75' lang='lat' dir='ltr'>substitit,</span> <span class='ocrx_word' id='word_1_18' title='bbox 493 378 526 415; x_wconf 92' lang='lat' dir='ltr'>ubi</span> <span class='ocrx_word' id='word_1_19' title='bbox 538 369 684 414; x_wconf 78' lang='lat' dir='ltr'>Eusebianorum</span> <span class='ocrx_word' id='word_1_20' title='bbox 697 379 728 414; x_wconf 88' lang='lat' dir='ltr'>aut</span> <span class='ocrx_word' id='word_1_21' title='bbox 737 377 790 430; x_wconf 64' lang='lat' dir='ltr'>&gt;fama</span> <span class='ocrx_word' id='word_1_22' title='bbox 802 381 834 414; x_wconf 88' lang='lat' dir='ltr'>aut</span> 
     </span>
     <span class='ocr_line' id='line_1_4' title="bbox 214 438 874 488; baseline -0.005 -11"><span class='ocrx_word' id='word_1_23' title='bbox 214 441 327 478; x_wconf 82' lang='lat' dir='ltr'>cinanulla¹</span> <span class='ocrx_word' id='word_1_24' title='bbox 358 441 460 478; x_wconf 81' lang='lat' dir='ltr'>Sardicensi</span> <span class='ocrx_word' id='word_1_25' title='bbox 473 439 547 488; x_wconf 82' lang='lat' dir='ltr'>Synodo</span> <span class='ocrx_word' id='word_1_26' title='bbox 560 438 650 484; x_wconf 77' lang='lat' dir='ltr'>interfuit,</span> <span class='ocrx_word' id='word_1_27' title='bbox 668 451 728 487; x_wconf 87' lang='lat' dir='ltr'>aqua</span> <span class='ocrx_word' id='word_1_28' title='bbox 743 451 780 475; x_wconf 87' lang='lat' dir='ltr'>suae</span> <span class='ocrx_word' id='word_1_29' title='bbox 797 438 835 475; x_wconf 89' lang='lat' dir='ltr'>sedi</span> <span class='ocrx_word' id='word_1_30' title='bbox 873 476 874 483; x_wconf 13' lang='grc' dir='ltr'>χ</span> 
     </span>
     <span class='ocr_line' id='line_1_5' title="bbox 213 495 835 547; baseline -0.003 -11"><span class='ocrx_word' id='word_1_31' title='bbox 213 495 315 547; x_wconf 87' lang='lat' dir='ltr'>restitutus,</span> <span class='ocrx_word' id='word_1_32' title='bbox 329 500 459 537; x_wconf 79' lang='lat' dir='ltr'>Alexandriam</span> <span class='ocrx_word' id='word_1_33' title='bbox 470 502 536 537; x_wconf 86' lang='lat' dir='ltr'>tamen&#39;</span> <span class='ocrx_word' id='word_1_34' title='bbox 544 498 611 536; x_wconf 89' lang='lat' dir='ltr'>reverti</span> <span class='ocrx_word' id='word_1_35' title='bbox 621 498 652 535; x_wconf 78' lang='lat' dir='ltr'>vix</span> <span class='ocrx_word' id='word_1_36' title='bbox 663 498 694 534; x_wconf 88' lang='lat' dir='ltr'>diu</span> <span class='ocrx_word' id='word_1_37' title='bbox 706 500 773 547; x_wconf 86' lang='lat' dir='ltr'>postea</span> <span class='ocrx_word' id='word_1_38' title='bbox 781 511 835 534; x_wconf 86' lang='lat' dir='ltr'>ansus</span> 
     </span>
     <span class='ocr_line' id='line_1_6' title="bbox 214 556 835 613; baseline -0.002 -16"><span class='ocrx_word' id='word_1_39' title='bbox 214 557 251 599; x_wconf 82' lang='lat' dir='ltr'>est:</span> <span class='ocrx_word' id='word_1_40' title='bbox 262 556 429 609; x_wconf 78' lang='lat' dir='ltr'>prinioNaissumf,</span> <span class='ocrx_word' id='word_1_41' title='bbox 440 562 482 599; x_wconf 88' lang='lat' dir='ltr'>dein</span> <span class='ocrx_word' id='word_1_42' title='bbox 489 560 598 610; x_wconf 81' lang='lat' dir='ltr'>Aquileiam,</span> <span class='ocrx_word' id='word_1_43' title='bbox 605 571 677 596; x_wconf 88' lang='lat' dir='ltr'>rursum</span> <span class='ocrx_word' id='word_1_44' title='bbox 687 559 762 613; x_wconf 81' lang='lat' dir='ltr'>Gallias,</span> <span class='ocrx_word' id='word_1_45' title='bbox 771 562 835 608; x_wconf 89' lang='lat' dir='ltr'>postca</span> 
     </span>
     <span class='ocr_line' id='line_1_7' title="bbox 213 620 835 671; baseline -0.003 -13"><span class='ocrx_word' id='word_1_46' title='bbox 213 621 330 658; x_wconf 80' lang='lat' dir='ltr'>Antiochiam</span> <span class='ocrx_word' id='word_1_47' title='bbox 338 622 407 670; x_wconf 84' lang='lat' dir='ltr'>petivit.</span> <span class='ocrx_word' id='word_1_48' title='bbox 434 623 532 671; x_wconf 84' lang='lat' dir='ltr'>Postquam</span> <span class='ocrx_word' id='word_1_49' title='bbox 540 622 583 659; x_wconf 91' lang='lat' dir='ltr'>illuc</span> <span class='ocrx_word' id='word_1_50' title='bbox 591 623 702 670; x_wconf 78' lang='lat' dir='ltr'>peruenerat,</span> <span class='ocrx_word' id='word_1_51' title='bbox 710 620 807 668; x_wconf 80' lang='lat' dir='ltr'>omniaque</span> <span class='ocrx_word' id='word_1_52' title='bbox 814 620 835 656; x_wconf 91' lang='lat' dir='ltr'>in</span> 
     </span>
     <span class='ocr_line' id='line_1_8' title="bbox 214 673 836 730; baseline 0 -13"><span class='ocrx_word' id='word_1_53' title='bbox 214 681 295 718; x_wconf 77' lang='lat' dir='ltr'>Ecclesia</span> <span class='ocrx_word' id='word_1_54' title='bbox 305 682 391 729; x_wconf 85' lang='lat' dir='ltr'>praeclare</span> <span class='ocrx_word' id='word_1_55' title='bbox 397 682 521 730; x_wconf 74' lang='lat' dir='ltr'>disposuerat,</span> <span class='ocrx_word' id='word_1_56' title='bbox 531 683 618 720; x_wconf 81' lang='lat' dir='ltr'>Edictum</span> <span class='ocrx_word' id='word_1_57' title='bbox 630 695 663 730; x_wconf 86' lang='lat' dir='ltr'>pro</span> <span class='ocrx_word' id='word_1_58' title='bbox 672 673 788 719; x_wconf 81' lang='lat' dir='ltr'>damnatione</span> <span class='ocrx_word' id='word_1_59' title='bbox 797 681 836 730; x_wconf 88' lang='lat' dir='ltr'>ejus</span> 
     </span>
     <span class='ocr_line' id='line_1_9' title="bbox 214 740 836 789; baseline 0 -13"><span class='ocrx_word' id='word_1_60' title='bbox 214 755 225 776; x_wconf 94' lang='lat' dir='ltr'>a</span> <span class='ocrx_word' id='word_1_61' title='bbox 240 741 347 776; x_wconf 85' lang='lat' dir='ltr'>Constantio</span> <span class='ocrx_word' id='word_1_62' title='bbox 365 741 408 776; x_wconf 83' lang='lat' dir='ltr'>exiit</span> <span class='ocrx_word' id='word_1_63' title='bbox 413 756 418 784; x_wconf 87' lang='lat'>;</span> <span class='ocrx_word' id='word_1_64' title='bbox 439 745 457 777; x_wconf 88' lang='lat' dir='ltr'>et</span> <span class='ocrx_word' id='word_1_65' title='bbox 473 754 516 777; x_wconf 83' lang='lat' dir='ltr'>mox</span> <span class='ocrx_word' id='word_1_66' title='bbox 533 741 606 789; x_wconf 79' lang='lat' dir='ltr'>Syriani</span> <span class='ocrx_word' id='word_1_67' title='bbox 623 742 704 778; x_wconf 71' lang='lat' dir='ltr'>exercitu</span> <span class='ocrx_word' id='word_1_68' title='bbox 720 740 836 777; x_wconf 72' lang='lat' dir='ltr'>Menandrico</span> 
     </span>
     <span class='ocr_line' id='line_1_10' title="bbox 214 793 838 848; baseline 0.002 -13"><span class='ocrx_word' id='word_1_69' title='bbox 214 810 315 847; x_wconf 87' lang='lat' dir='ltr'>oppressus,</span> <span class='ocrx_word' id='word_1_70' title='bbox 330 799 375 848; x_wconf 81' lang='lat' dir='ltr'>fuga</span> <span class='ocrx_word' id='word_1_71' title='bbox 387 799 458 847; x_wconf 91' lang='lat' dir='ltr'>elapsus</span> <span class='ocrx_word' id='word_1_72' title='bbox 471 802 504 844; x_wconf 84' lang='lat' dir='ltr'>est,</span> <span class='ocrx_word' id='word_1_73' title='bbox 518 803 537 836; x_wconf 93' lang='lat' dir='ltr'>et</span> <span class='ocrx_word' id='word_1_74' title='bbox 551 800 657 837; x_wconf 89' lang='lat' dir='ltr'>introducto</span> <span class='ocrx_word' id='word_1_75' title='bbox 670 800 755 848; x_wconf 60' lang='lat' dir='ltr'>Georgia</span> <span class='ocrx_word' id='word_1_76' title='bbox 768 800 789 837; x_wconf 86' lang='lat' dir='ltr'>in</span> <span class='ocrx_word' id='word_1_77' title='bbox 798 793 838 837; x_wconf 56' lang='lat' dir='ltr'>eress</span> 
     </span>
     <span class='ocr_line' id='line_1_11' title="bbox 213 851 836 909; baseline 0 -12"><span class='ocrx_word' id='word_1_78' title='bbox 213 873 265 897; x_wconf 86' lang='lat' dir='ltr'>mum</span> <span class='ocrx_word' id='word_1_79' title='bbox 276 860 359 898; x_wconf 85' lang='lat' dir='ltr'>secessit:</span> <span class='ocrx_word' id='word_1_80' title='bbox 369 859 402 897; x_wconf 89' lang='lat' dir='ltr'>ubi</span> <span class='ocrx_word' id='word_1_81' title='bbox 411 860 442 897; x_wconf 86' lang='lat' dir='ltr'>diu</span> <span class='ocrx_word' id='word_1_82' title='bbox 450 863 536 906; x_wconf 84' lang='lat' dir='ltr'>versatus,</span> <span class='ocrx_word' id='word_1_83' title='bbox 546 864 565 897; x_wconf 91' lang='lat' dir='ltr'>et</span> <span class='ocrx_word' id='word_1_84' title='bbox 574 860 596 897; x_wconf 88' lang='lat' dir='ltr'>ab</span> <span class='ocrx_word' id='word_1_85' title='bbox 605 860 687 896; x_wconf 86' lang='lat' dir='ltr'>hostium</span> <span class='ocrx_word' id='word_1_86' title='bbox 695 860 751 897; x_wconf 87' lang='lat' dir='ltr'>oculis</span> <span class='ocrx_word' id='word_1_87' title='bbox 762 851 836 909; x_wconf 83' lang='lat' dir='ltr'>penitus</span> 
     </span>
     <span class='ocr_line' id='line_1_12' title="bbox 215 912 836 971; baseline 0.003 -14"><span class='ocrx_word' id='word_1_88' title='bbox 215 923 292 970; x_wconf 86' lang='lat' dir='ltr'>ereptus,</span> <span class='ocrx_word' id='word_1_89' title='bbox 304 921 363 958; x_wconf 89' lang='lat' dir='ltr'>multa</span> <span class='ocrx_word' id='word_1_90' title='bbox 371 921 482 970; x_wconf 88' lang='lat' dir='ltr'>conscripsit,</span> <span class='ocrx_word' id='word_1_91' title='bbox 494 920 526 957; x_wconf 89' lang='lat' dir='ltr'>illa</span> <span class='ocrx_word' id='word_1_92' title='bbox 534 912 640 970; x_wconf 82' lang='lat' dir='ltr'>praesertim,</span> <span class='ocrx_word' id='word_1_93' title='bbox 649 920 670 958; x_wconf 91' lang='lat' dir='ltr'>in</span> <span class='ocrx_word' id='word_1_94' title='bbox 679 921 744 971; x_wconf 91' lang='lat' dir='ltr'>quibus</span> <span class='ocrx_word' id='word_1_95' title='bbox 754 922 773 958; x_wconf 83' lang='lat' dir='ltr'>S.</span> <span class='ocrx_word' id='word_1_96' title='bbox 781 922 836 970; x_wconf 86' lang='lat' dir='ltr'>lgna-</span> 
     </span>
     <span class='ocr_line' id='line_1_13' title="bbox 215 976 838 1030; baseline 0.003 -13"><span class='ocrx_word' id='word_1_97' title='bbox 215 982 262 1018; x_wconf 83' lang='lat' dir='ltr'>tium</span> <span class='ocrx_word' id='word_1_98' title='bbox 270 976 358 1020; x_wconf 85' lang='lat' dir='ltr'>laudarit.</span> <span class='ocrx_word' id='word_1_99' title='bbox 385 982 431 1020; x_wconf 70' lang='lat' dir='ltr'>Auis</span> <span class='ocrx_word' id='word_1_100' title='bbox 442 976 482 1030; x_wconf 81' lang='lat' dir='ltr'>jam</span> <span class='ocrx_word' id='word_1_101' title='bbox 490 982 540 1018; x_wconf 74' lang='lat' dir='ltr'>dalrit</span> <span class='ocrx_word' id='word_1_102' title='bbox 549 982 673 1019; x_wconf 84' lang='lat' dir='ltr'>Athanasium</span> <span class='ocrx_word' id='word_1_103' title='bbox 682 987 713 1019; x_wconf 86' lang='lat' dir='ltr'>aut</span> <span class='ocrx_word' id='word_1_104' title='bbox 725 982 746 1019; x_wconf 86' lang='lat' dir='ltr'>in</span> <span class='ocrx_word' id='word_1_105' title='bbox 755 983 838 1019; x_wconf 80' lang='lat' dir='ltr'>Historia</span> 
     </span>
     <span class='ocr_line' id='line_1_14' title="bbox 215 1041 837 1090; baseline 0.003 -13"><span class='ocrx_word' id='word_1_106' title='bbox 215 1041 291 1078; x_wconf 84' lang='lat' dir='ltr'>Eusebii</span> <span class='ocrx_word' id='word_1_107' title='bbox 304 1041 384 1078; x_wconf 87' lang='lat' dir='ltr'>multum</span> <span class='ocrx_word' id='word_1_108' title='bbox 397 1042 453 1078; x_wconf 79' lang='lat' dir='ltr'>firisse</span> <span class='ocrx_word' id='word_1_109' title='bbox 468 1046 566 1087; x_wconf 82' lang='lat' dir='ltr'>versatum,</span> <span class='ocrx_word' id='word_1_110' title='bbox 581 1045 679 1090; x_wconf 87' lang='lat' dir='ltr'>antequam</span> <span class='ocrx_word' id='word_1_111' title='bbox 693 1042 730 1088; x_wconf 86' lang='lat' dir='ltr'>ista</span> <span class='ocrx_word' id='word_1_112' title='bbox 744 1042 837 1088; x_wconf 77' lang='lat' dir='ltr'>scriberet,</span> 
     </span>
     <span class='ocr_line' id='line_1_15' title="bbox 216 1094 837 1151; baseline 0.002 -11"><span class='ocrx_word' id='word_1_113' title='bbox 216 1106 248 1140; x_wconf 88' lang='lat' dir='ltr'>aut</span> <span class='ocrx_word' id='word_1_114' title='bbox 257 1114 280 1139; x_wconf 78' lang='lat' dir='ltr'>er</span> <span class='ocrx_word' id='word_1_115' title='bbox 287 1102 336 1140; x_wconf 89' lang='lat' dir='ltr'>illius</span> <span class='ocrx_word' id='word_1_116' title='bbox 345 1097 453 1140; x_wconf 87' lang='lat' dir='ltr'>auctoritate</span> <span class='ocrx_word' id='word_1_117' title='bbox 462 1102 532 1140; x_wconf 86' lang='lat' dir='ltr'>dilectis</span> <span class='ocrx_word' id='word_1_118' title='bbox 542 1103 579 1140; x_wconf 89' lang='lat' dir='ltr'>suis</span> <span class='ocrx_word' id='word_1_119' title='bbox 587 1095 676 1140; x_wconf 83' lang='lat' dir='ltr'>fratribus</span> <span class='ocrx_word' id='word_1_120' title='bbox 684 1094 780 1151; x_wconf 74' lang='lat' dir='ltr'>ignatium</span> <span class='ocrx_word' id='word_1_121' title='bbox 788 1115 837 1141; x_wconf 88' lang='lat' dir='ltr'>com-</span> 
     </span>
     <span class='ocr_line' id='line_1_16' title="bbox 216 1164 838 1212; baseline 0.002 -12"><span class='ocrx_word' id='word_1_122' title='bbox 216 1164 303 1201; x_wconf 87' lang='lat' dir='ltr'>mendare</span> <span class='ocrx_word' id='word_1_123' title='bbox 313 1164 403 1201; x_wconf 81' lang='lat' dir='ltr'>voluisse?</span> <span class='ocrx_word' id='word_1_124' title='bbox 430 1166 470 1212; x_wconf 78' lang='lat' dir='ltr'>Ego</span> <span class='ocrx_word' id='word_1_125' title='bbox 482 1164 555 1212; x_wconf 87' lang='lat' dir='ltr'>quidem</span> <span class='ocrx_word' id='word_1_126' title='bbox 569 1167 581 1184; x_wconf 70' lang='lat'>‘¹</span> <span class='ocrx_word' id='word_1_127' title='bbox 589 1176 627 1200; x_wconf 91' lang='lat' dir='ltr'>non</span> <span class='ocrx_word' id='word_1_128' title='bbox 640 1164 709 1210; x_wconf 86' lang='lat' dir='ltr'>dubito,</span> <span class='ocrx_word' id='word_1_129' title='bbox 719 1164 782 1212; x_wconf 84' lang='lat' dir='ltr'>quin,”</span> <span class='ocrx_word' id='word_1_130' title='bbox 796 1178 838 1202; x_wconf 88' lang='lat' dir='ltr'>cum</span> 
     </span>
     <span class='ocr_line' id='line_1_17' title="bbox 219 1218 838 1273; baseline 0 -12"><span class='ocrx_word' id='word_1_131' title='bbox 219 1225 238 1261; x_wconf 79' lang='lat' dir='ltr'>S.</span> <span class='ocrx_word' id='word_1_132' title='bbox 247 1225 342 1272; x_wconf 74' lang='lat' dir='ltr'>ignatium</span> <span class='ocrx_word' id='word_1_133' title='bbox 355 1225 423 1271; x_wconf 89' lang='lat' dir='ltr'>citavit,</span> <span class='ocrx_word' id='word_1_134' title='bbox 435 1237 474 1262; x_wconf 87' lang='lat' dir='ltr'>non</span> <span class='ocrx_word' id='word_1_135' title='bbox 487 1237 509 1261; x_wconf 79' lang='lat' dir='ltr'>eu</span> <span class='ocrx_word' id='word_1_136' title='bbox 521 1218 629 1261; x_wconf 88' lang='lat' dir='ltr'>auctoritate</span> <span class='ocrx_word' id='word_1_137' title='bbox 637 1222 719 1272; x_wconf 80' lang='lat' dir='ltr'>Eusebii,</span> <span class='ocrx_word' id='word_1_138' title='bbox 730 1238 769 1273; x_wconf 89' lang='lat' dir='ltr'>quae</span> <span class='ocrx_word' id='word_1_139' title='bbox 780 1225 838 1261; x_wconf 90' lang='lat' dir='ltr'>sentio</span> 
     </span>
     <span class='ocr_line' id='line_1_18' title="bbox 219 1285 838 1334; baseline 0 -12"><span class='ocrx_word' id='word_1_140' title='bbox 219 1298 274 1334; x_wconf 88' lang='lat' dir='ltr'>quam</span> <span class='ocrx_word' id='word_1_141' title='bbox 282 1285 336 1322; x_wconf 81' lang='lat' dir='ltr'>fuerit</span> <span class='ocrx_word' id='word_1_142' title='bbox 345 1285 393 1334; x_wconf 89' lang='lat' dir='ltr'>apud</span> <span class='ocrx_word' id='word_1_143' title='bbox 399 1298 442 1322; x_wconf 81' lang='lat' dir='ltr'>eunr</span> <span class='ocrx_word' id='word_1_144' title='bbox 448 1286 518 1334; x_wconf 81' lang='lat' dir='ltr'>exigua,</span> <span class='ocrx_word' id='word_1_145' title='bbox 528 1285 560 1322; x_wconf 91' lang='lat' dir='ltr'>sed</span> <span class='ocrx_word' id='word_1_146' title='bbox 569 1288 620 1334; x_wconf 85' lang='lat' dir='ltr'>“pro</span> <span class='ocrx_word' id='word_1_147' title='bbox 629 1297 662 1321; x_wconf 87' lang='lat' dir='ltr'>sua</span> <span class='ocrx_word' id='word_1_148' title='bbox 671 1285 758 1334; x_wconf 80' lang='lat' dir='ltr'>singulari</span> <span class='ocrx_word' id='word_1_149' title='bbox 767 1285 838 1334; x_wconf 82' lang='lat' dir='ltr'>sapien-</span> 
     </span>
     <span class='ocr_line' id='line_1_19' title="bbox 218 1339 842 1394; baseline 0.003 -14"><span class='ocrx_word' id='word_1_150' title='bbox 218 1345 250 1390; x_wconf 84' lang='lat' dir='ltr'>tia,</span> <span class='ocrx_word' id='word_1_151' title='bbox 262 1345 282 1380; x_wconf 86' lang='lat' dir='ltr'>id</span> <span class='ocrx_word' id='word_1_152' title='bbox 293 1345 446 1392; x_wconf 82' lang='lat' dir='ltr'>pronunciaverit,</span> <span class='ocrx_word' id='word_1_153' title='bbox 455 1346 504 1393; x_wconf 86' lang='lat' dir='ltr'>quod</span> <span class='ocrx_word' id='word_1_154' title='bbox 513 1345 552 1392; x_wconf 88' lang='lat' dir='ltr'>ipsa</span> <span class='ocrx_word' id='word_1_155' title='bbox 560 1340 605 1382; x_wconf 87' lang='lat' dir='ltr'>tunc</span> <span class='ocrx_word' id='word_1_156' title='bbox 614 1339 726 1392; x_wconf 87' lang='lat' dir='ltr'>apertissima</span> <span class='ocrx_word' id='word_1_157' title='bbox 736 1357 766 1382; x_wconf 89' lang='lat' dir='ltr'>res</span> <span class='ocrx_word' id='word_1_158' title='bbox 777 1347 842 1394; x_wconf 88' lang='lat' dir='ltr'>reique·</span> 
     </span>
     <span class='ocr_line' id='line_1_20' title="bbox 219 1404 417 1453; baseline 0 -11"><span class='ocrx_word' id='word_1_159' title='bbox 219 1405 266 1442; x_wconf 86' lang='lat' dir='ltr'>ratio</span> <span class='ocrx_word' id='word_1_160' title='bbox 274 1404 301 1441; x_wconf 92' lang='lat' dir='ltr'>illi</span> <span class='ocrx_word' id='word_1_161' title='bbox 309 1404 417 1453; x_wconf 53' lang='lat' dir='ltr'>persuasor</span> 
     </span>
    </p>

    <p class='ocr_par' dir='ltr' id='par_1_3' title="bbox 125 1466 839 1521">
     <span class='ocr_line' id='line_1_21' title="bbox 125 1466 839 1521; baseline -0.004 -15"><span class='ocrx_word' id='word_1_162' title='bbox 125 1475 171 1521; x_wconf 72' lang='lat' dir='ltr'>Aliud</span> <span class='ocrx_word' id='word_1_163' title='bbox 185 1476 223 1505; x_wconf 84' lang='lat' dir='ltr'>suf--</span> <span class='ocrx_word' id='word_1_164' title='bbox 245 1466 326 1504; x_wconf 77' lang='lat' dir='ltr'>Tandem</span> <span class='ocrx_word' id='word_1_165' title='bbox 337 1479 379 1504; x_wconf 82' lang='lat' dir='ltr'>vero</span> <span class='ocrx_word' id='word_1_166' title='bbox 390 1467 501 1514; x_wconf 83' lang='lat' dir='ltr'>persentisco</span> <span class='ocrx_word' id='word_1_167' title='bbox 512 1479 567 1515; x_wconf 89' lang='lat' dir='ltr'>qnare</span> <span class='ocrx_word' id='word_1_168' title='bbox 581 1470 592 1487; x_wconf 86' lang='lat'><strong><em>“</em></strong></span> <span class='ocrx_word' id='word_1_169' title='bbox 600 1480 638 1503; x_wconf 92' lang='lat' dir='ltr'>non</span> <span class='ocrx_word' id='word_1_170' title='bbox 649 1467 746 1515; x_wconf 78' lang='lat' dir='ltr'>peeoasse³¹</span> <span class='ocrx_word' id='word_1_171' title='bbox 756 1467 839 1504; x_wconf 88' lang='lat' dir='ltr'>Athana-</span> 
     </span>
    </p>

    <p class='ocr_par' dir='ltr' id='par_1_4' title="bbox 126 1518 842 1582">
     <span class='ocr_line' id='line_1_22' title="bbox 126 1518 842 1582; baseline 0.001 -18"><span class='ocrx_word' id='word_1_172' title='bbox 126 1518 183 1582; x_wconf 45' lang='lat' dir='ltr'>{³5¹1ssss</span> <span class='ocrx_word' id='word_1_173' title='bbox 194 1552 212 1581; x_wconf 70' lang='lat' dir='ltr'>aa</span> <span class='ocrx_word' id='word_1_174' title='bbox 220 1528 266 1571; x_wconf 89' lang='lat' dir='ltr'>sium</span> <span class='ocrx_word' id='word_1_175' title='bbox 282 1528 371 1576; x_wconf 78' lang='lat' dir='ltr'>largiatur</span> <span class='ocrx_word' id='word_1_176' title='bbox 385 1528 475 1565; x_wconf 87' lang='lat' dir='ltr'>Dallaeus:</span> <span class='ocrx_word' id='word_1_177' title='bbox 494 1531 578 1564; x_wconf 82' lang='lat' dir='ltr'>autumat</span> <span class='ocrx_word' id='word_1_178' title='bbox 593 1521 642 1565; x_wconf 87' lang='lat' dir='ltr'>enim</span> <span class='ocrx_word' id='word_1_179' title='bbox 657 1540 699 1564; x_wconf 90' lang='lat' dir='ltr'>eum</span> <span class='ocrx_word' id='word_1_180' title='bbox 712 1518 842 1566; x_wconf 85' lang='lat' dir='ltr'>tantummodo</span> 
     </span>
    </p>

    <p class='ocr_par' dir='ltr' id='par_1_5' title="bbox 126 1589 845 2609">
     <span class='ocr_line' id='line_1_23' title="bbox 126 1589 840 1637; baseline 0.001 -13"><span class='ocrx_word' id='word_1_181' title='bbox 126 1591 210 1619; x_wconf 73' lang='lat' dir='ltr'>Athanasio.</span> <span class='ocrx_word' id='word_1_182' title='bbox 220 1592 231 1609; x_wconf 87' lang='lat'><em>“</em></span> <span class='ocrx_word' id='word_1_183' title='bbox 239 1601 307 1625; x_wconf 89' lang='lat' dir='ltr'>nomen</span> <span class='ocrx_word' id='word_1_184' title='bbox 320 1589 369 1636; x_wconf 85' lang='lat' dir='ltr'>quod</span> <span class='ocrx_word' id='word_1_185' title='bbox 381 1589 468 1636; x_wconf 81' lang='lat' dir='ltr'>Epistolae</span> <span class='ocrx_word' id='word_1_186' title='bbox 484 1589 610 1637; x_wconf 68' lang='lat' dir='ltr'>preferebant,</span> <span class='ocrx_word' id='word_1_187' title='bbox 628 1592 647 1625; x_wconf 89' lang='lat' dir='ltr'>et</span> <span class='ocrx_word' id='word_1_188' title='bbox 664 1589 713 1637; x_wconf 89' lang='lat' dir='ltr'>apud</span> <span class='ocrx_word' id='word_1_189' title='bbox 730 1590 840 1627; x_wconf 89' lang='lat' dir='ltr'>adversarios</span> 
     </span>
     <span class='ocr_line' id='line_1_24' title="bbox 218 1648 840 1696; baseline 0.002 -11"><span class='ocrx_word' id='word_1_190' title='bbox 218 1650 326 1695; x_wconf 79' lang='lat' dir='ltr'>receptum”</span> <span class='ocrx_word' id='word_1_191' title='bbox 336 1652 380 1693; x_wconf 87' lang='lat' dir='ltr'>erat,</span> <span class='ocrx_word' id='word_1_192' title='bbox 391 1648 498 1685; x_wconf 86' lang='lat' dir='ltr'>retinuisse:</span> <span class='ocrx_word' id='word_1_193' title='bbox 512 1660 533 1685; x_wconf 87' lang='lat' dir='ltr'>eo</span> <span class='ocrx_word' id='word_1_194' title='bbox 546 1649 615 1685; x_wconf 85' lang='lat' dir='ltr'>scilicet</span> <span class='ocrx_word' id='word_1_195' title='bbox 625 1649 686 1694; x_wconf 89' lang='lat' dir='ltr'>modo,</span> <span class='ocrx_word' id='word_1_196' title='bbox 696 1661 732 1696; x_wconf 89' lang='lat' dir='ltr'>quo</span> <span class='ocrx_word' id='word_1_197' title='bbox 742 1649 840 1686; x_wconf 83' lang='lat' dir='ltr'>Salmasius</span> 
     </span>
     <span class='ocr_line' id='line_1_25' title="bbox 219 1702 840 1758; baseline 0 -12"><span class='ocrx_word' id='word_1_198' title='bbox 219 1713 237 1746; x_wconf 87' lang='lat' dir='ltr'>et</span> <span class='ocrx_word' id='word_1_199' title='bbox 245 1709 351 1746; x_wconf 87' lang='lat' dir='ltr'>Blondellns</span> <span class='ocrx_word' id='word_1_200' title='bbox 360 1709 430 1757; x_wconf 79' lang='lat' dir='ltr'>Ignatii</span> <span class='ocrx_word' id='word_1_201' title='bbox 440 1702 515 1746; x_wconf 87' lang='lat' dir='ltr'>nornine</span> <span class='ocrx_word' id='word_1_202' title='bbox 522 1709 551 1745; x_wconf 90' lang='lat' dir='ltr'>usi</span> <span class='ocrx_word' id='word_1_203' title='bbox 563 1712 611 1752; x_wconf 83' lang='lat' dir='ltr'>sunt¹</span> <span class='ocrx_word' id='word_1_204' title='bbox 622 1712 640 1746; x_wconf 91' lang='lat' dir='ltr'>et</span> <span class='ocrx_word' id='word_1_205' title='bbox 648 1710 740 1758; x_wconf 79' lang='lat' dir='ltr'>Epistolas</span> <span class='ocrx_word' id='word_1_206' title='bbox 749 1708 829 1747; x_wconf 86' lang='lat' dir='ltr'>citarunt</span> <span class='ocrx_word' id='word_1_207' title='bbox 834 1724 840 1755; x_wconf 72' lang='lat'>5</span> 
     </span>
     <span class='ocr_line' id='line_1_26' title="bbox 218 1763 840 1820; baseline 0.003 -14"><span class='ocrx_word' id='word_1_208' title='bbox 218 1783 262 1819; x_wconf 88' lang='lat' dir='ltr'>quas</span> <span class='ocrx_word' id='word_1_209' title='bbox 270 1773 333 1806; x_wconf 87' lang='lat' dir='ltr'>tamen</span> <span class='ocrx_word' id='word_1_210' title='bbox 344 1770 402 1815; x_wconf 84' lang='lat' dir='ltr'>fictas,</span> <span class='ocrx_word' id='word_1_211' title='bbox 412 1763 621 1818; x_wconf 68' lang='lat' dir='ltr'>spuriassupposiriaias</span> <span class='ocrx_word' id='word_1_212' title='bbox 630 1775 648 1807; x_wconf 89' lang='lat' dir='ltr'>et</span> <span class='ocrx_word' id='word_1_213' title='bbox 657 1771 728 1820; x_wconf 89' lang='lat' dir='ltr'>ineptas</span> <span class='ocrx_word' id='word_1_214' title='bbox 738 1772 840 1819; x_wconf 84' lang='lat' dir='ltr'>putabant:</span> 
     </span>
     <span class='ocr_line' id='line_1_27' title="bbox 217 1830 841 1880; baseline 0.002 -13"><span class='ocrx_word' id='word_1_215' title='bbox 217 1830 293 1880; x_wconf 83' lang='lat' dir='ltr'>proinde</span> <span class='ocrx_word' id='word_1_216' title='bbox 310 1831 383 1879; x_wconf 82' lang='lat' dir='ltr'>Ignatio</span> <span class='ocrx_word' id='word_1_217' title='bbox 402 1834 464 1868; x_wconf 88' lang='lat' dir='ltr'>nostro</span> <span class='ocrx_word' id='word_1_218' title='bbox 483 1830 567 1880; x_wconf 80' lang='lat' dir='ltr'>clypeum</span> <span class='ocrx_word' id='word_1_219' title='bbox 583 1843 622 1868; x_wconf 91' lang='lat' dir='ltr'>non</span> <span class='ocrx_word' id='word_1_220' title='bbox 639 1830 748 1877; x_wconf 84' lang='lat' dir='ltr'>obtendisse,</span> <span class='ocrx_word' id='word_1_221' title='bbox 770 1831 841 1869; x_wconf 88' lang='lat' dir='ltr'>nullam</span> 
     </span>
     <span class='ocr_line' id='line_1_28' title="bbox 218 1890 843 1940; baseline 0.002 -11"><span class='ocrx_word' id='word_1_222' title='bbox 218 1892 305 1940; x_wconf 84' lang='lat' dir='ltr'>Epistolis</span> <span class='ocrx_word' id='word_1_223' title='bbox 322 1892 361 1940; x_wconf 87' lang='lat' dir='ltr'>ejus</span> <span class='ocrx_word' id='word_1_224' title='bbox 378 1892 506 1929; x_wconf 86' lang='lat' dir='ltr'>auctoritatem</span> <span class='ocrx_word' id='word_1_225' title='bbox 522 1890 613 1929; x_wconf 81' lang='lat' dir='ltr'>tribuisse.¹</span> <span class='ocrx_word' id='word_1_226' title='bbox 644 1892 694 1929; x_wconf 85' lang='lat' dir='ltr'>Mira</span> <span class='ocrx_word' id='word_1_227' title='bbox 711 1892 784 1940; x_wconf 88' lang='lat' dir='ltr'>quidem</span> <span class='ocrx_word' id='word_1_228' title='bbox 800 1893 843 1930; x_wconf 86' lang='lat' dir='ltr'>haec·</span> 
     </span>
     <span class='ocr_line' id='line_1_29' title="bbox 219 1952 841 2004; baseline 0.002 -15"><span class='ocrx_word' id='word_1_229' title='bbox 219 1957 267 1998; x_wconf 84' lang='lat' dir='ltr'>sunt,</span> <span class='ocrx_word' id='word_1_230' title='bbox 278 1957 296 1989; x_wconf 91' lang='lat' dir='ltr'>et</span> <span class='ocrx_word' id='word_1_231' title='bbox 306 1966 346 2000; x_wconf 87' lang='lat' dir='ltr'>quae</span> <span class='ocrx_word' id='word_1_232' title='bbox 355 1966 365 1989; x_wconf 90' lang='lat' dir='ltr'>a</span> <span class='ocrx_word' id='word_1_233' title='bbox 373 1953 452 1997; x_wconf 82' lang='lat' dir='ltr'>nemine,</span> <span class='ocrx_word' id='word_1_234' title='bbox 460 1957 482 1989; x_wconf 89' lang='lat' dir='ltr'>ut</span> <span class='ocrx_word' id='word_1_235' title='bbox 488 1952 557 1999; x_wconf 83' lang='lat' dir='ltr'>opinor,</span> <span class='ocrx_word' id='word_1_236' title='bbox 565 1952 666 1999; x_wconf 77' lang='lat' dir='ltr'>Ignatiauis</span> <span class='ocrx_word' id='word_1_237' title='bbox 674 1953 705 2004; x_wconf 82' lang='lat' dir='ltr'>uel</span> <span class='ocrx_word' id='word_1_238' title='bbox 713 1952 841 1998; x_wconf 78' lang='lat' dir='ltr'>infensissimo,</span> 
     </span>
     <span class='ocr_line' id='line_1_30' title="bbox 219 2011 842 2061; baseline 0.003 -14"><span class='ocrx_word' id='word_1_239' title='bbox 219 2012 263 2047; x_wconf 82' lang='lat' dir='ltr'>ferri</span> <span class='ocrx_word' id='word_1_240' title='bbox 275 2015 356 2059; x_wconf 87' lang='lat' dir='ltr'>possunt.</span> <span class='ocrx_word' id='word_1_241' title='bbox 383 2011 476 2061; x_wconf 72' lang='lat' dir='ltr'>Quicquid</span> <span class='ocrx_word' id='word_1_242' title='bbox 486 2011 517 2047; x_wconf 90' lang='lat' dir='ltr'>ille</span> <span class='ocrx_word' id='word_1_243' title='bbox 528 2012 551 2047; x_wconf 88' lang='lat' dir='ltr'>de</span> <span class='ocrx_word' id='word_1_244' title='bbox 565 2011 690 2048; x_wconf 74' lang='lat' dir='ltr'>ssratribus</span> <span class='ocrx_word' id='word_1_245' title='bbox 705 2012 787 2059; x_wconf 83' lang='lat' dir='ltr'>senserit,</span> <span class='ocrx_word' id='word_1_246' title='bbox 803 2025 842 2049; x_wconf 86' lang='lat' dir='ltr'>non</span> 
     </span>
     <span class='ocr_line' id='line_1_31' title="bbox 221 2065 842 2120; baseline 0.005 -13"><span class='ocrx_word' id='word_1_247' title='bbox 221 2076 269 2108; x_wconf 89' lang='lat' dir='ltr'>certe</span> <span class='ocrx_word' id='word_1_248' title='bbox 279 2072 299 2107; x_wconf 89' lang='lat' dir='ltr'>in</span> <span class='ocrx_word' id='word_1_249' title='bbox 308 2072 343 2108; x_wconf 87' lang='lat' dir='ltr'>hac</span> <span class='ocrx_word' id='word_1_250' title='bbox 353 2084 373 2108; x_wconf 91' lang='lat' dir='ltr'>re</span> <span class='ocrx_word' id='word_1_251' title='bbox 386 2073 404 2108; x_wconf 75' lang='lat' dir='ltr'>S.</span> <span class='ocrx_word' id='word_1_252' title='bbox 410 2065 522 2109; x_wconf 83' lang='lat' dir='ltr'>Athanasius</span> <span class='ocrx_word' id='word_1_253' title='bbox 532 2072 555 2108; x_wconf 89' lang='lat' dir='ltr'>ad</span> <span class='ocrx_word' id='word_1_254' title='bbox 564 2085 606 2109; x_wconf 88' lang='lat' dir='ltr'>eum</span> <span class='ocrx_word' id='word_1_255' title='bbox 614 2072 689 2109; x_wconf 85' lang='lat' dir='ltr'>modum</span> <span class='ocrx_word' id='word_1_256' title='bbox 698 2084 734 2120; x_wconf 87' lang='lat' dir='ltr'>quo</span> <span class='ocrx_word' id='word_1_257' title='bbox 743 2073 842 2110; x_wconf 80' lang='lat' dir='ltr'>Salmasius</span> 
     </span>
     <span class='ocr_line' id='line_1_32' title="bbox 221 2124 841 2180; baseline 0.003 -12"><span class='ocrx_word' id='word_1_258' title='bbox 221 2135 240 2168; x_wconf 89' lang='lat' dir='ltr'>et</span> <span class='ocrx_word' id='word_1_259' title='bbox 248 2130 354 2168; x_wconf 87' lang='lat' dir='ltr'>Blondellus</span> <span class='ocrx_word' id='word_1_260' title='bbox 362 2131 449 2178; x_wconf 87' lang='lat' dir='ltr'>loquitur.</span> <span class='ocrx_word' id='word_1_261' title='bbox 474 2131 537 2168; x_wconf 89' lang='lat' dir='ltr'>Verba</span> <span class='ocrx_word' id='word_1_262' title='bbox 545 2144 567 2168; x_wconf 78' lang='lat' dir='ltr'>ex</span> <span class='ocrx_word' id='word_1_263' title='bbox 574 2132 658 2180; x_wconf 77' lang='lat' dir='ltr'>Epistola</span> <span class='ocrx_word' id='word_1_264' title='bbox 666 2133 705 2180; x_wconf 80' lang='lat' dir='ltr'>ejus</span> <span class='ocrx_word' id='word_1_265' title='bbox 713 2124 841 2180; x_wconf 79' lang='lat' dir='ltr'>producturus,</span> 
     </span>
     <span class='ocr_line' id='line_1_33' title="bbox 220 2188 843 2241; baseline 0.002 -12"><span class='ocrx_word' id='word_1_266' title='bbox 220 2193 248 2229; x_wconf 84' lang='lat' dir='ltr'>ita</span> <span class='ocrx_word' id='word_1_267' title='bbox 259 2191 352 2241; x_wconf 81' lang='lat' dir='ltr'>praefatur.</span> <span class='ocrx_word' id='word_1_268' title='bbox 376 2188 465 2238; x_wconf 61' lang='grc' dir='ltr'>Ἰγνάτιος</span> <span class='ocrx_word' id='word_1_269' title='bbox 476 2190 507 2228; x_wconf 71' lang='grc' dir='ltr'>οὖν</span> <span class='ocrx_word' id='word_1_270' title='bbox 517 2190 582 2240; x_wconf 74' lang='lat' dir='ltr'>operat</span> <span class='ocrx_word' id='word_1_271' title='bbox 594 2190 636 2231; x_wconf 73' lang='lat' dir='ltr'>rods</span> <span class='ocrx_word' id='word_1_272' title='bbox 648 2190 764 2233; x_wconf 71' lang='grc' dir='ltr'>ἀποστόλους</span> <span class='ocrx_word' id='word_1_273' title='bbox 775 2193 793 2231; x_wconf 81' lang='grc' dir='ltr'>ἐν</span> <span class='ocrx_word' id='word_1_274' title='bbox 801 2192 843 2232; x_wconf 87' lang='grc' dir='ltr'>Ἀυ-</span> 
     </span>
     <span class='ocr_line' id='line_1_34' title="bbox 220 2245 843 2303; baseline 0.002 -14"><span class='ocrx_word' id='word_1_275' title='bbox 220 2250 292 2302; x_wconf 75' lang='grc' dir='ltr'>πυοχείρ</span> <span class='ocrx_word' id='word_1_276' title='bbox 305 2245 428 2290; x_wconf 54' lang='lat' dir='ltr'>insacratos</span> <span class='ocrx_word' id='word_1_277' title='bbox 439 2250 557 2293; x_wconf 78' lang='grc' dir='ltr'>Ἐπίσκοπος,</span> <span class='ocrx_word' id='word_1_278' title='bbox 575 2252 606 2288; x_wconf 76' lang='grc' dir='ltr'>καὶ</span> <span class='ocrx_word' id='word_1_279' title='bbox 620 2251 699 2301; x_wconf 74' lang='grc' dir='ltr'>Μάρτυς</span> <span class='ocrx_word' id='word_1_280' title='bbox 713 2254 745 2289; x_wconf 82' lang='grc' dir='ltr'><em>τοῦ</em></span> <span class='ocrx_word' id='word_1_281' title='bbox 760 2254 843 2303; x_wconf 79' lang='grc' dir='ltr'>Χριστοῦ</span> 
     </span>
     <span class='ocr_line' id='line_1_35' title="bbox 220 2309 845 2362; baseline 0.002 -12"><span class='ocrx_word' id='word_1_282' title='bbox 220 2310 319 2360; x_wconf 74' lang='grc' dir='ltr'>(γενόμενος,</span> <span class='ocrx_word' id='word_1_283' title='bbox 330 2310 406 2361; x_wconf 63' lang='grc' dir='ltr'>«γράφων</span> <span class='ocrx_word' id='word_1_284' title='bbox 421 2310 464 2361; x_wconf 80' lang='grc' dir='ltr'>περὶ</span> <span class='ocrx_word' id='word_1_285' title='bbox 475 2312 506 2349; x_wconf 81' lang='grc' dir='ltr'>τοῦ</span> <span class='ocrx_word' id='word_1_286' title='bbox 515 2310 584 2361; x_wconf 85' lang='grc' dir='ltr'>Κυρίου</span> <span class='ocrx_word' id='word_1_287' title='bbox 597 2309 671 2362; x_wconf 77' lang='grc' dir='ltr'>εἴρηκεν.</span> <span class='ocrx_word' id='word_1_288' title='bbox 697 2314 778 2361; x_wconf 69' lang='lat' dir='ltr'>Ipnotirts</span> <span class='ocrx_word' id='word_1_289' title='bbox 789 2315 845 2362; x_wconf 63' lang='lat' dir='ltr'>initur·</span> 
     </span>
     <span class='ocr_line' id='line_1_36' title="bbox 216 2371 844 2424; baseline 0.003 -14"><span class='ocrx_word' id='word_1_290' title='bbox 216 2377 260 2422; x_wconf 78' lang='lat' dir='ltr'>post</span> <span class='ocrx_word' id='word_1_291' title='bbox 275 2373 371 2421; x_wconf 78' lang='lat' dir='ltr'>Apostolos</span> <span class='ocrx_word' id='word_1_292' title='bbox 385 2371 484 2410; x_wconf 74' lang='lat' dir='ltr'>Antiochia</span> <span class='ocrx_word' id='word_1_293' title='bbox 500 2373 604 2410; x_wconf 76' lang='lat' dir='ltr'>constitutas</span> <span class='ocrx_word' id='word_1_294' title='bbox 618 2373 723 2422; x_wconf 77' lang='lat' dir='ltr'>Episcopus,</span> <span class='ocrx_word' id='word_1_295' title='bbox 738 2378 756 2411; x_wconf 84' lang='lat' dir='ltr'>et</span> <span class='ocrx_word' id='word_1_296' title='bbox 769 2375 844 2424; x_wconf 72' lang='lat' dir='ltr'>Mortpr</span> 
     </span>
     <span class='ocr_line' id='line_1_37' title="bbox 222 2433 843 2484; baseline 0.003 -13"><span class='ocrx_word' id='word_1_297' title='bbox 222 2435 289 2471; x_wconf 62' lang='lat' dir='ltr'>oar-ort</span> <span class='ocrx_word' id='word_1_298' title='bbox 293 2433 361 2482; x_wconf 81' lang='lat' dir='ltr'>factos,</span> <span class='ocrx_word' id='word_1_299' title='bbox 371 2433 449 2469; x_wconf 71' lang='lat' dir='ltr'>scribens</span> <span class='ocrx_word' id='word_1_300' title='bbox 457 2434 478 2470; x_wconf 79' lang='lat' dir='ltr'>ae</span> <span class='ocrx_word' id='word_1_301' title='bbox 487 2434 562 2471; x_wconf 81' lang='lat' dir='ltr'>Domino</span> <span class='ocrx_word' id='word_1_302' title='bbox 571 2435 624 2476; x_wconf 66' lang='lat' dir='ltr'>anau.</span> <span class='ocrx_word' id='word_1_303' title='bbox 650 2435 721 2472; x_wconf 86' lang='lat' dir='ltr'>Asserit</span> <span class='ocrx_word' id='word_1_304' title='bbox 729 2435 787 2484; x_wconf 81' lang='lat' dir='ltr'>igitur</span> <span class='ocrx_word' id='word_1_305' title='bbox 795 2449 843 2482; x_wconf 81' lang='lat' dir='ltr'>curn,</span> 
     </span>
     <span class='ocr_line' id='line_1_38' title="bbox 221 2487 845 2546; baseline 0.002 -13"><span class='ocrx_word' id='word_1_306' title='bbox 221 2497 273 2546; x_wconf 75' lang='lat' dir='ltr'>cujus</span> <span class='ocrx_word' id='word_1_307' title='bbox 283 2495 394 2533; x_wconf 86' lang='lat' dir='ltr'>sententiam</span> <span class='ocrx_word' id='word_1_308' title='bbox 400 2494 486 2532; x_wconf 79' lang='lat' dir='ltr'>fratribus</span> <span class='ocrx_word' id='word_1_309' title='bbox 491 2489 658 2533; x_wconf 87' lang='lat' dir='ltr'>communicaturus</span> <span class='ocrx_word' id='word_1_310' title='bbox 667 2487 719 2543; x_wconf 85' lang='lat' dir='ltr'>esset,</span> <span class='ocrx_word' id='word_1_311' title='bbox 728 2509 767 2533; x_wconf 88' lang='lat' dir='ltr'>non</span> <span class='ocrx_word' id='word_1_312' title='bbox 775 2497 845 2546; x_wconf 57' lang='lat' dir='ltr'>imposss</span> 
     </span>
     <span class='ocr_line' id='line_1_39' title="bbox 221 2555 844 2609; baseline 0.002 -15"><span class='ocrx_word' id='word_1_313' title='bbox 221 2561 286 2603; x_wconf 89' lang='lat' dir='ltr'>torem,</span> <span class='ocrx_word' id='word_1_314' title='bbox 300 2570 345 2609; x_wconf 85' lang='lat' dir='ltr'>non</span> <span class='ocrx_word' id='word_1_315' title='bbox 353 2555 447 2604; x_wconf 83' lang='lat' dir='ltr'>vulgarem</span> <span class='ocrx_word' id='word_1_316' title='bbox 460 2557 539 2605; x_wconf 88' lang='lat' dir='ltr'>aliquem</span> <span class='ocrx_word' id='word_1_317' title='bbox 554 2562 585 2595; x_wconf 90' lang='lat' dir='ltr'>aut</span> <span class='ocrx_word' id='word_1_318' title='bbox 598 2557 670 2595; x_wconf 81' lang='lat' dir='ltr'>atrivio</span> <span class='ocrx_word' id='word_1_319' title='bbox 683 2558 796 2606; x_wconf 86' lang='lat' dir='ltr'>scriptorem,</span> <span class='ocrx_word' id='word_1_320' title='bbox 812 2558 844 2596; x_wconf 86' lang='lat' dir='ltr'>sed</span> 
     </span>
    </p>
   </div>
   <div class='ocr_carea' id='block_1_3' title="bbox 222 2638 867 2728">
    <p class='ocr_par' dir='ltr' id='par_1_6' title="bbox 222 2638 867 2728">
     <span class='ocr_line' id='line_1_40' title="bbox 226 2638 867 2691; baseline 0.003 -11"><span class='ocrx_word' id='word_1_321' title='bbox 226 2638 228 2641; x_wconf 32' lang='grc' dir='ltr'>Ι</span> <span class='ocrx_word' id='word_1_322' title='bbox 240 2651 300 2681; x_wconf 70' lang='lat' dir='ltr'>‘Locus</span> <span class='ocrx_word' id='word_1_323' title='bbox 314 2654 344 2681; x_wconf 85' lang='lat' dir='ltr'>crat</span> <span class='ocrx_word' id='word_1_324' title='bbox 357 2652 373 2680; x_wconf 85' lang='lat' dir='ltr'>iu</span> <span class='ocrx_word' id='word_1_325' title='bbox 385 2651 458 2690; x_wconf 72' lang='lat' dir='ltr'>prorinoia</span> <span class='ocrx_word' id='word_1_326' title='bbox 471 2651 519 2680; x_wconf 83' lang='lat' dir='ltr'>Daciae</span> <span class='ocrx_word' id='word_1_327' title='bbox 544 2652 645 2689; x_wconf 79' lang='lat' dir='ltr'>Athannpol.</span> <span class='ocrx_word' id='word_1_328' title='bbox 652 2652 783 2691; x_wconf 74' lang='lat' dir='ltr'>addonstantium,</span> <span class='ocrx_word' id='word_1_329' title='bbox 792 2652 798 2690; x_wconf 82' lang='lat'>§</span> <span class='ocrx_word' id='word_1_330' title='bbox 806 2654 820 2686; x_wconf 67' lang='lat' dir='ltr'>l,</span> <span class='ocrx_word' id='word_1_331' title='bbox 865 2652 867 2656; x_wconf 81' lang='grc'>’</span> 
     </span>
     <span class='ocr_line' id='line_1_41' title="bbox 222 2689 844 2728; baseline -0.002 -9"><span class='ocrx_word' id='word_1_332' title='bbox 222 2690 306 2728; x_wconf 75' lang='lat' dir='ltr'>Superioris,</span> <span class='ocrx_word' id='word_1_333' title='bbox 317 2690 334 2720; x_wconf 88' lang='lat' dir='ltr'>de</span> <span class='ocrx_word' id='word_1_334' title='bbox 345 2699 373 2728; x_wconf 90' lang='lat' dir='ltr'>quo</span> <span class='ocrx_word' id='word_1_335' title='bbox 384 2689 472 2719; x_wconf 74' lang='lat' dir='ltr'>monttonom</span> <span class='ocrx_word' id='word_1_336' title='bbox 484 2689 519 2720; x_wconf 84' lang='lat' dir='ltr'>facit</span> <span class='ocrx_word' id='word_1_337' title='bbox 714 2715 717 2717; x_wconf 97' lang='lat'>.</span> <span class='ocrx_word' id='word_1_338' title='bbox 774 2702 776 2704; x_wconf 96' lang='lat'>·</span> <span class='ocrx_word' id='word_1_339' title='bbox 842 2697 844 2702; x_wconf 71' lang='grc'>’</span> 
     </span>
    </p>
   </div>
   <div class='ocr_carea' id='block_1_4' title="bbox 0 0 891 2957">
    <p class='ocr_par' dir='ltr' id='par_1_7' title="bbox 0 0 891 2957">
     <span class='ocr_line' id='line_1_42' title="bbox 0 0 891 2957; baseline 0 0"><span class='ocrx_word' id='word_1_340' title='bbox 0 0 891 2957; x_wconf 95' lang='lat' dir='ltr'> </span> 
     </span>
    </p>
   </div>
  </div>
 </body>
</html>
