1679 2935
319 247 430 275 nnrurnruu.
667 238 707 276 289.

109 338 158 374 Quid
171 342 237 386 praeter
251 337 473 385 electionem-presbyteri
487 336 602 373 Alexandriae
615 334 704 384 Episcopo

83 398 193 434 contulerint
207 398 298 435 incertum
312 401 350 435 est:
369 399 405 435 “in
420 398 514 435 excelsiori
527 397 585 446 gradu
597 389 705 434 collocatum

82 458 193 507 Episcopum
214 459 355 505 nominabant,'’
378 459 439 508 inquit
461 458 590 507 Hieronymus.
620 457 649 493 llx
666 460 705 493 tam

83 519 197 566 generalibus
209 520 268 556 verbis
282 519 326 568 quid
338 523 404 568 praeter
417 519 524 556 electionem
536 516 656 554 determinate
668 515 704 552 fac-

82 582 124 613 tum
140 579 169 625 sit7
186 579 265 627 intelligi
285 592 323 616 non
343 583 409 627 potest.
438 578 539 627 Eutychius
550 570 615 622 addit,
632 575 705 612 eosdem

84 638 139 684 cepidi
155 638 192 685 pas
209 650 271 675 manas
287 639 395 686 tarpiosaa'sse,
413 638 527 684 beaaediam'se,
545 637 708 674 erraretur-caan

84 710 157 735 creasse.
185 699 220 736 Sed
238 700 349 750 Eutychiani
365 708 388 737 ex
408 712 460 737 more
481 699 509 736 sui
530 697 591 736 saeculi
608 697 705 746 loquutum

83 758 139 795 fuisse
153 760 231 796 dubitari
244 774 282 797 nou
295 765 361 809 potest.
379 761 496 798 ‘patriarcha
510 760 560 796 enini
570 759 661 807 primaevis
669 758 704 794 uc-

83 817 142 855 etesia
150 819 278 857 Alexandrinae
289 820 401 868 temporibus
410 820 457 856 nulli
464 820 513 856 inter
522 818 634 871 Christianos
646 818 703 853 fuere.

83 877 137 914 Idem
151 882 191 915 tum
206 880 229 916 de
243 880 359 928 impositione
376 893 469 925 manuum,
484 883 525 916 tum
540 878 562 914 de
576 876 703 914 benedictione

83 938 139 974 sentit
149 938 247 977 Salmasius
258 940 278 976 in
286 940 381 990 Apparatu
385 956 391 987 ;
405 941 488 986 “Puto'’
497 934 563 988 ineptit,
573 941 584 959 “
591 937 703 987 Eutychium

6 988 11 1001 ⁸
41 1023 42 1029 ν
84 998 107 1035 ad
122 1011 174 1036 suam
188 1004 260 1037 aetatem
274 1000 378 1050 respexisse,
392 1015 428 1050 qua
443 1002 482 1050 jam
497 1001 519 1037 ab
533 999 632 1037 Alexandri
646 1009 703 1045 usque

84 1058 193 1096 Patriarchae
210 1065 228 1096 et
244 1062 312 1098 Niceni
327 1062 404 1098 Concilii
420 1061 532 1110 temporibus
547 1059 632 1108 Episcopi
646 1058 703 1105 impo-

84 1118 150 1154 sitione
168 1132 257 1155 manuum
277 1121 435 1166 consecrabantur,
453 1125 472 1157 et
488 1120 571 1156 similiter
592 1118 704 1155 existimasse

85 1178 156 1225 quando
164 1178 265 1227 presbyteri
273 1179 365 1227 eligebant
374 1181 484 1229 Episcopum
496 1180 531 1216 hoc
542 1178 605 1217 eodeni
615 1177 653 1213 ritu
661 1189 704 1212 usos

84 1248 128 1274 esse.
146 1237 219 1275 Diserte
228 1242 290 1275 tamen
299 1239 423 1288 Hieronymus
432 1240 470 1275 sine
479 1238 619 1282 consecratione,
628 1236 663 1272 hoc
672 1239 704 1280 est,

85 1295 123 1332 sine
131 1309 219 1334 manuum
227 1298 343 1346 impositione
351 1299 462 1347 Episcopum
475 1299 497 1335 de
510 1311 529 1335 se
540 1297 615 1345 elegisse
623 1296 705 1350 narrat.”

86 1356 177 1404 Quicquid
189 1357 245 1405 igitur
257 1358 323 1394 dixerit
337 1359 462 1406 Hieronymus
474 1359 496 1394 de
511 1358 604 1402 electione,
620 1355 706 1403 quicquid

85 1415 186 1463 Eutychius
201 1427 223 1451 ex
236 1416 300 1452 eadem
314 1416 417 1462 traditione,
433 1421 455 1453 ut
469 1418 539 1462 volunt,⁴
554 1417 577 1453 de
590 1415 706 1465 impositione
761 1419 765 1429 ²

85 1487 173 1511 manuum
182 1475 248 1520 addita,
259 1489 313 1525 quam
322 1489 344 1513 ex
353 1476 381 1514 sui
389 1477 450 1514 saeculi
458 1490 508 1514 more
517 1470 645 1513 tantummodo
654 1487 710 1511 exco-v

85 1535 155 1583 gitavit,
169 1539 188 1573 et
201 1535 311 1586 presbyteris
324 1551 418 1587 perperam
431 1539 487 1576 affixit
491 1553 496 1583 ;
510 1540 550 1575 lieri
563 1542 623 1587 potest
636 1541 657 1574 ut
670 1537 706 1573 alia

85 1596 159 1633 traditio
168 1597 223 1634 etiam
232 1610 274 1635 vera
286 1599 315 1644 sit,
325 1611 365 1647 quae
378 1599 434 1637 etiam
445 1603 493 1646 tum>
506 1613 548 1637 cum
560 1612 582 1637 ex
594 1597 705 1648 presbyteris

71 1650 72 1658 ¹
86 1657 152 1693 clectos
167 1658 223 1704 fnisse
238 1657 302 1695 solunt
315 1660 440 1709 Hieronymus
454 1664 472 1697 et
485 1660 594 1708 nirtyunun
607 1658 706 1706 Episcopus

86 1717 219 1754 Alexandrinos
229 1718 251 1754 ab
260 1712 299 1755 aliis
309 1719 400 1756 ordinatos
413 1720 468 1756 fuisse
479 1719 567 1767 perhibet.
593 1718 649 1755 Libro
658 1718 708 1754 enim

87 1775 244 1814 Constitutionum
255 1778 401 1827 Apostolicorum
410 1779 439 1816 vii.
453 1794 491 1829 cap.
500 1780 530 1825 48,
544 1773 626 1828 legimus,
640 1780 676 1826 Τῆς
689 1778 708 1814 δὲ

85 1835 220 1888 Ἀλεξανδρέων
227 1837 319 1880 Ἀννιννὸς
331 1842 402 1890 πρῶτος
411 1840 447 1878 dard
458 1841 493 1889 (ivel
502 1839 545 1889 aiud)
557 1838 636 1890 Μάρκου
648 1838 708 1885 Eday-

85 1900 172 1944 ysatorod
181 1898 331 1950 κεχειροτόνηται·
340 1892 447 1952 δεντεροςδὲ
454 1899 554 1946 'Altinates
562 1898 597 1937 ὑπὸ
606 1901 669 1936 novat
677 1898 708 1935 nai

86 1956 140 1995 αὐτοῦ
149 1957 292 2005 Ednryyebcorod.
317 1961 444 1996 Alexandrian
453 1961 537 1996 Ecclesiae
547 1961 617 2007 primos
625 1960 707 1994 Autonoe

87 2028 98 2051 a
110 2017 175 2054 Marco
187 2018 303 2066 naaiiyeoaa
316 2019 408 2056 ordinabas
420 2023 456 2062 cst;
470 2019 555 2056 scaradio
568 2021 626 2054 uatem
636 2017 708 2053 'Atilius

87 2089 98 2114 o
114 2078 164 2116 Lara
179 2079 245 2116 'itidem
261 2080 382 2128 Ecaaapelista.
412 2080 482 2119 orara>
499 2079 601 2117 Domitiani
618 2092 671 2125 auno,
688 2079 709 2116 in

87 2138 178 2176 Chronico
193 2140 307 2189 Hieronymi,
323 2140 401 2186 Abilius,
416 2144 438 2178 ut
451 2141 490 2189 ipse
504 2141 549 2187 vult,
564 2139 709 2190 expresbyteris

87 2198 275 2245 electus,‘secundum
291 2202 397 2238 Graecorum
411 2201 528 2239 traditionem
542 2215 553 2238 a
568 2203 586 2238 S.
595 2201 646 2238 Luca
661 2200 709 2238 ordi-

87 2262 187 2296 natusest.
213 2261 346 2308 Abilio(que1n
360 2262 438 2298 Matium
452 2263 542 2309 appellare
554 2262 626 2297 m'dctur
639 2262 709 2296 Auctor

87 2317 137 2354 Vitae
150 2318 169 2354 S.
178 2318 238 2355 Marci
246 2319 359 2370 Anonymns,
372 2334 409 2358 non
422 2319 496 2358 tontum
507 2320 549 2369 quia
558 2321 595 2357 “in
603 2333 660 2357 manu
667 2320 708 2356 exa·

46 2426 48 2428 ,
87 2377 132 2414 ratis
146 2378 260 2415 Codicibus’'
275 2381 290 2425 β
304 2384 322 2418 et
336 2396 351 2429 ρ
364 2381 427 2419 eedem
441 2382 478 2419 fere
492 2381 550 2429 figura
563 2381 654 2428 “pingere
667 2378 708 2417 mos
743 2394 745 2396 ’

88 2438 142 2482 fuit‚''
150 2440 172 2473 nt
180 2441 232 2474 notat
241 2440 353 2496 Blondellus,
363 2442 394 2476 sed
407 2441 462 2476 etiam
472 2440 519 2488 quod
528 2454 539 2484 η
548 2444 566 2475 et
576 2447 582 2476 ι’
591 2452 613 2475 en
621 2440 708 2476 affinitate

87 2495 243 2546 pronunciationis
252 2510 298 2546 saepe
307 2498 327 2535 in
336 2499 393 2537 MSS.
401 2500 502 2549 promiscue
514 2504 636 2548 usurpentur:
649 2513 708 2547 neque

89 2558 183 2593 “Latinus
192 2556 317 2604 Legendarius
323 2559 334 2576 ’'
344 2571 366 2595 ex
374 2559 435 2596 Abilio
444 2555 522 2596 ltlelium
535 2558 584 2605 fecit,
593 2558 629 2604 scd,
639 2560 708 2608 opinor,

89 2615 111 2669 ab
128 2617 260 2665 antiquioribus
271 2619 303 2655 'ita
319 2620 406 2669 scriptum
422 2621 506 2672 invenit;
528 2624 576 2657 certe
594 2621 669 2658 Severns
687 2633 709 2658 ex

89 2677 211 2725 antiquiorum
228 2682 352 2719 morurmentis
366 2695 408 2719 eum
421 2682 524 2720 Medianum
538 2685 596 2728 vocat,
611 2683 664 2731 quem
678 2681 709 2719 alii

113 2743 161 2765 PEARS.
171 2745 224 2768 annulo.
549 2752 563 2779 U
