1747 2957
191 198 229 237 tlt
347 231 349 235 ,
400 210 508 240 rnsrmorn
520 209 604 239 ourerurs
655 216 657 220 ⁷

99 307 152 336 Hoetu
158 305 176 336 dc
192 297 265 335 Erasmi
273 299 365 337 temeritas
374 300 462 338 Veterum
470 301 545 338 Petrum
558 298 624 347 scripta
632 298 717 335 inanibus
725 299 761 335 suis
770 302 812 335 con-

99 344 159 374 urano
194 357 198 366 ·

95 382 173 421 judicium.

103 1030 170 1066 Origenis

102 1068 154 1098 fretum

191 360 267 408 pecturis
279 361 307 398 ita
318 361 448 411 permiscentis,
462 366 483 399 ut
496 362 531 398 nisi
545 360 683 397 contraivisseut
693 361 813 409 posteriorum

193 420 328 470 Theologornm
339 422 404 467 studia,
416 422 445 460 rix
458 425 527 459 certmn
536 420 603 470 aliquid
616 419 638 457 de
648 420 766 458 adolescentis
779 422 814 458 Ec-

194 481 253 519 clesiae
262 482 344 520 doctrina
352 487 431 521 statuere
439 483 550 532 possemuss'
575 481 657 519 Maxime
669 482 725 529 igitur
738 482 814 519 idonens

194 545 257 579 auctor
271 543 359 580 Erasmus
375 544 450 589 Dallaeo,
465 543 496 591 qui
510 543 532 579 de
546 542 588 578 Usu
603 542 636 578 SS.
651 541 727 578 Petrum
738 542 758 577 in
772 554 814 578 eum

194 601 270 639 modum
278 602 363 652 disputat.
780 646 781 649 Ἴ
821 599 823 601 ’

220 663 285 700 Tribus
298 663 423 711 bisOrigenis
435 663 540 710 editoribus,
553 663 599 701 addo
611 663 659 701 u'ros
671 663 783 701 doctissimos
796 666 815 699 et

195 723 334 770 Ignationorum
345 723 407 759 hostes
417 724 543 772 jurutissimos,
556 723 615 772 primo
626 724 747 770 Blondellum,
757 724 816 773 quiin
865 715 869 720 ’

194 782 289 830 Apologia,
300 787 321 819 ut
332 783 396 831 probet
406 784 505 831 Origenem
514 784 584 821 “binos
592 788 666 821 tautum
675 786 788 822 sacerdotum
797 787 816 821 et

195 841 317 887 diaconorum,
326 841 409 889 magistri
418 842 518 879 Clementis
527 842 615 891 exemplo,
629 844 695 891 gradus
704 843 815 891 agnovisse,”

195 901 280 938 Sectione
288 902 306 938 2.
321 903 367 950 §ld
378 903 503 939 testimouium
515 915 536 938 ex
549 903 628 940 secunda
637 904 693 954 ,hujus
705 904 769 952 Operis
778 905 817 941 Ho-

195 962 245 1007 milia
257 962 345 1011 producit.
371 964 416 1000 Non
430 963 487 1011 igitur
504 964 592 1000 Latinum
608 963 693 1013 aliquem,
708 964 740 1001 sed
756 964 817 1013 ipsum

196 1023 294 1071 Origenem
307 1024 406 1061 Clementis
420 1023 539 1062 Alexandrini
554 1024 666 1073 discipulum
677 1024 733 1074 hujus
753 1025 818 1075 Operis

55 1115 57 1117 .
103 1108 182 1142 agnoscunt
195 1084 294 1121 Auctorem
300 1086 381 1133 agnoscit
388 1086 512 1122 Blondellus.⁰³
519 1085 603 1122 Secundo
610 1085 733 1130 Albertinum,
740 1087 771 1134 qui
779 1087 817 1123 tam

104 1144 188 1173 blondellus
195 1146 280 1190 praeclare
289 1149 353 1180 contra
365 1146 478 1181 Halloirium
490 1145 594 1192 disputavit,
604 1145 626 1180 de
634 1146 750 1182 Eucharistia
758 1146 790 1182 lib.
799 1147 817 1182 ii.

104 1181 166 1210 Alberti·

103 1226 166 1256 nusque3

105 1636 120 1663 ct
126 1635 161 1663 alibi

105 1673 136 1708 ipse
142 1672 175 1702 Dal-

104 1710 145 1743 lasus.
173 1739 174 1742 ,

197 1216 236 1253 cap.
246 1206 263 1242 1.
288 1204 327 1243 Ubi
338 1205 372 1242 hoc
384 1205 445 1253 ipsum
458 1206 509 1254 Opus
521 1205 541 1242 in
554 1204 651 1242 Canticum
664 1204 787 1252 Canticorum,
799 1208 818 1242 ct

196 1264 246 1301 hunc
251 1265 312 1313 ipsum
320 1265 386 1312 locum,
393 1278 446 1314 quem
454 1265 502 1310 iuter
510 1265 615 1303 testimonia
623 1265 735 1312 adduximus,
743 1266 819 1314 Origeni

197 1325 267 1372 tribuit,
277 1330 296 1362 et
303 1326 432 1363 verisimillime
445 1326 513 1375 colligit
525 1326 614 1363 larvatum
626 1325 735 1375 Dionysium
746 1338 767 1363 ex
779 1326 827 1375 ipsov

198 1387 277 1435 Origene
291 1401 323 1423 sua
336 1388 443 1424 traduxisse.
469 1388 567 1435 Origeuem
579 1392 640 1423 autem
651 1400 714 1424 verum
726 1388 817 1435 intelligit,

196 1447 249 1484 illuns
260 1460 331 1496 nempe,
344 1448 375 1496 qui
384 1449 495 1496 “nunquam
505 1442 560 1495 plagii
573 1460 584 1485 a
596 1459 686 1496 quoquam
697 1446 818 1497 fuitinsimu-

196 1507 250 1555 latus,
260 1521 302 1545 cunr
316 1511 363 1546 esset
376 1507 420 1545 adeo
430 1508 495 1545 feracis
507 1507 582 1556 ingenii,
596 1511 617 1544 ut
631 1507 670 1544 aliis
682 1508 743 1556 potius
756 1513 819 1546 auctor

198 1565 252 1618 quam
257 1570 364 1618 cujusquam
369 1569 451 1605 imitator
458 1571 490 1605 aut
494 1568 613 1616 transcriptor
617 1567 656 1604 fore
665 1568 682 1604 .'’
702 1568 819 1618 Albertinum

198 1630 373 1679 sequituerallaeus
386 1629 409 1667 de
423 1629 474 1667 libris
491 1629 586 1678 suppositis
601 1629 689 1678 Dionysio
704 1630 819 1679 Areopagitae

197 1690 229 1728 lib.
238 1691 251 1728 i.
261 1704 300 1740 cap.
307 1693 337 1730 17.
351 1692 439 1729 “Merito
451 1690 558 1727 Albertiuus
567 1690 648 1736 noster,”
662 1690 722 1738 inquit
736 1691 820 1728 adversus
843 1682 845 1684 ¹

199 1751 278 1788 eundem
287 1752 401 1789 Halloixirun
414 1751 514 1801 disputans,
528 1749 632 1799 “judicavit
643 1750 752 1800 Dionysium
760 1755 819 1797 tuum,

198 1816 259 1849 totum
270 1813 320 1848 hunc
332 1813 393 1848 locum
401 1825 412 1848 a
420 1816 452 1848 tuo
462 1811 544 1859 Origene
549 1811 578 1850 vel
589 1812 721 1856 essefuratum,
730 1812 759 1847 vel
771 1816 820 1849 certe

198 1876 262 1909 mutuo
275 1873 390 1921 sumpsisse.'’
416 1871 513 1911 Ouomodo
526 1870 576 1907 erim
587 1870 687 1908 f‘merirm’
700 1871 720 1908 id
729 1871 820 1919 judicaret

198 1931 311 1979 Albertinus,
321 1932 335 1969 si
345 1932 461 1982 Scriptorille
469 1944 503 1970 nec
512 1931 601 1980 Origenes
610 1935 706 1978 essetnec
715 1932 820 1969 Graecorum

199 1993 268 2041 aliquis,
277 1993 309 2030 sed
317 1993 394 2031 Latinus
401 1993 463 2031 neseio
472 1993 525 2042 quis?
547 1992 594 2030 Cum
603 1992 712 2039 Halloixius,
720 1997 744 2030 ut
750 1993 820 2042 Diony-

145 2071 147 2073 >
200 2053 247 2089 sium
258 2066 312 2089 suum
324 2053 435 2098 defenderet,
447 2053 560 2100 corrupisset,
575 2053 671 2100 locumque
684 2053 734 2089 hunc
747 2065 769 2089 ex
782 2054 821 2102 ejus

200 2111 246 2149 libro
255 2111 412 2148 exterminandum
419 2111 518 2162 judicasset
523 2125 528 2156 3
541 2110 629 2147 facessere
637 2124 727 2148 eumcum
735 2114 820 2150 morosis-

201 2170 248 2205 sima
259 2173 278 2205 et
290 2168 403 2216 ineptissima
412 2169 479 2205 Critica
492 2170 526 2204 sua
534 2168 587 2216 jubet
599 2169 686 2212 Balissus,
696 2172 714 2204 et
723 2170 789 2215 “quod
801 2170 821 2207 in

202 2228 282 2277 Origene
297 2227 358 2276 (quem
365 2239 409 2276 pace
417 2229 449 2264 tua
457 2226 545 2277 Dionysio
553 2230 585 2265 tuo
593 2227 652 2264 multo
661 2227 759 2266 doctiorem
767 2229 821 2269 fuisse

200 2290 260 2327 virum
274 2290 326 2339 puto)
339 2292 389 2326 totus
403 2289 492 2325 hacteuus
505 2287 553 2325 orbis
568 2300 619 2337 aequo
634 2283 695 2326 animo
708 2290 788 2336 tulit,'id
798 2292 822 2330 ‚in

200 2350 290 2400 Dionysio
302 2349 371 2398 legino
380 2349 403 2396 ',''
412 2348 477 2397 inquit,
488 2350 499 2369 ‘¹
506 2348 553 2386 ferre
561 2337 660 2402 iniquius.”
684 2350 754 2388 Auctor
765 2344 822 2400 igitur

170 2418 172 2421 ’
200 2411 338 2460 Expositionum
349 2410 369 2447 in
379 2409 476 2447 Canticum
488 2409 609 2457 Oauticorum,
622 2422 663 2448 cum
676 2414 740 2449 contra
752 2412 822 2463 Diony-

201 2474 249 2509 sium
262 2473 325 2509 scribit
337 2472 424 2515 Dallaeus,
434 2470 522 2517 Origenes
535 2475 567 2516 est,
577 2476 595 2507 et
603 2472 669 2517 locum,
680 2485 734 2520 quern
747 2474 821 2520 adduxi-

201 2546 247 2580 mus,
262 2533 283 2570 in
296 2532 359 2571 eodem
374 2531 455 2581 Origene
468 2534 518 2569 totus
531 2532 619 2570 hactenus
633 2533 681 2571 orbis
696 2545 747 2582 aequo
762 2535 822 2572 animo

201 2594 254 2633 tulit:
268 2606 323 2643 quare
330 2594 380 2632 idam
388 2605 427 2631 non
435 2595 468 2638 est,
478 2604 532 2641 quare
541 2596 604 2631 contra
615 2596 680 2631 totum
685 2594 747 2632 orbem
755 2595 822 2634 militat

202 2654 287 2701 Dalleeus‚
296 2667 338 2692 cum
347 2654 432 2692 adversus
441 2652 536 2701 ignatium
545 2665 595 2699 arma
603 2654 673 2692 sumiti
729 2689 731 2692 .
