1679 2935
247 551 291 607 il]
321 549 522 611 LECTOREM.

103 921 225 959 QUEOENQUE
238 921 261 958 ad
270 921 416 959 Controversiam
426 921 461 958 hoc
473 921 533 970 Opere
543 924 640 958 tractatam
650 925 700 959 recte

77 981 216 1030 intelligendam
227 983 328 1028 conferant,
338 983 358 1019 in
369 982 460 1020 Prooemio
471 983 510 1030 jam
523 982 566 1019 satis
579 983 672 1030 perspicue
682 986 700 1020 et

78 1042 149 1090 copiose
158 1043 238 1091 exposita
249 1046 302 1086 sunt3
315 1046 337 1078 ut
345 1043 381 1078 alia
389 1042 497 1078 Praefatioue
508 1042 537 1078 uti
548 1054 701 1090 supervacaneum
726 1059 729 1061 “

77 1104 132 1151 plane
140 1096 228 1141 videatur.
254 1103 337 1140 Unicum
345 1106 408 1139 tamen
417 1105 450 1148 est,
460 1103 527 1151 dequo
536 1105 560 1148 te,
569 1103 637 1140 Lector
646 1103 700 1140 bene-

78 1164 123 1210 vole,
132 1164 221 1213 imprimis
235 1162 347 1201 monendum
362 1163 410 1201 eluxi.
436 1164 527 1201 Putaiunt
542 1164 631 1201 haetenus
643 1164 701 1202 nostri
765 1165 767 1167 ’

80 1225 99 1264 S.
106 1225 176 1273 ignatii
184 1225 274 1273 Epistolas
286 1217 392 1272 antiquitati
404 1224 524 1273 Episcopatus
536 1225 701 1262 luculentissimum

78 1286 204 1324 testimouium
217 1285 319 1334 praebuisse.
345 1285 413 1324 Nescio
425 1290 488 1324 tamen
502 1299 537 1335 quo
549 1290 603 1335 pacto
616 1287 701 1324 effectum

46 1342 49 1347 ’
78 1351 106 1382 est
114 1350 136 1382 ut
145 1358 167 1382 ex
174 1347 209 1382 hcc
217 1358 254 1382 uno
264 1347 361 1394 Scriptore‚
369 1350 387 1382 et
395 1347 468 1394 quidem
477 1347 569 1393 defaecato,
577 1347 620 1383 satis
627 1348 701 1383 firmum

78 1410 207 1455 argumentum
214 1419 247 1455 pro
255 1407 336 1444 novitate
345 1407 413 1443 ordinis
423 1407 535 1456 Episcopalis
544 1406 586 1444 duci
593 1420 646 1456 posse
655 1407 700 1443 exis·
708 1413 762 1442 tticum
780 1416 783 1427 ²

78 1467 145 1503 timent
157 1467 247 1513 nonnulli,
261 1467 342 1516 illudque
358 1468 379 1503 in
396 1468 466 1505 Schotis
480 1468 592 1517 Theologicis
606 1474 699 1517 usurpent.
708 1452 785 1489 nuncap-

718 1490 743 1518 elli
749 1499 765 1519 ar
775 1500 790 1519 u-

81 1527 125 1564 Eece
135 1527 184 1563 euim
191 1527 240 1563 inter
246 1527 314 1564 Theses
322 1527 343 1564 in
347 1527 446 1564 Academia
453 1528 572 1565 Salmuriensi
578 1528 611 1565 sub
617 1528 700 1576 praesidio
707 1499 778 1563 dacriani,

81 1588 167 1625 [ruderici
176 1588 257 1637 Cappelli
266 1588 289 1625 de
297 1586 382 1637 Episcopi
390 1592 409 1626 et
414 1589 518 1639 Presbyteri
526 1589 630 1627 discrimine
639 1589 699 1638 dispu-
707 1566 788 1642 {iffi}

81 1651 132 1691 tatas,
141 1660 209 1683 novum
214 1647 349 1695 Argumentum
355 1648 376 1683 iu
383 1643 433 1692 hune
441 1650 516 1685 modum
526 1649 626 1694 coniicitur,
631 1649 701 1685 Auctor
707 1645 739 1673 sios.

81 1708 164 1755 Epistolce
173 1708 198 1742 cccl
205 1704 308 1756 Moprresios
313 1709 372 1756 pricio
381 1708 519 1759 πρεσβυτέριον,
525 1711 558 1744 doc
566 1713 593 1745 est
598 1710 700 1758 Collegium

79 1769 231 1818 presbyterorum,
241 1771 259 1806 et
268 1760 353 1806 Ecclesia
360 1781 395 1815 per
407 1769 453 1806 illici
466 1770 636 1807 odoricistrotioperri
649 1774 701 1817 etque

78 1830 161 1878 repireeu,
168 1825 222 1867 'vocar
230 1830 312 1881 Χριστοῦ
321 1828 380 1877 νόμον,
389 1830 431 1878 peric
440 1842 462 1867 ec
470 1827 581 1868 iristitutioric
590 1835 607 1868 et
613 1832 702 1869 coloniole

81 1892 148 1928 Christi
159 1904 194 1938 per
204 1891 299 1939 Apostolos
312 1884 463 1934 iasiitctrcrrlest;
477 1891 582 1942 υεωτερικὴν
592 1906 633 1929 vero
645 1891 702 1940 τάξιν,

79 1954 170 1990 novellam
178 1953 318 1999 institutionem,
324 1956 375 1990 oocot
384 1965 466 2001 corripere
474 1965 505 1990 siro
513 1957 589 2002 tempore
595 1955 703 2003 Episcopum

76 2015 186 2061 presbyteris
190 2014 310 2061 preponebat,
338 2014 408 2050 Certior
417 2017 443 2050 cst
452 2017 510 2050 cirtem
519 2025 557 2050 eam
565 2015 657 2062 scripsisse
661 2019 704 2062 post

79 2077 173 2113 *Valentini
181 2077 267 2112 Haeretici
276 2080 348 2124 tempos,
358 2066 468 2124 prriRorrrarp
476 2077 524 2113 periit
531 2077 563 2113 seb
571 2078 642 2126 pririo
651 2079 704 2126 Papo

80 2138 129 2175 circo
138 2150 202 2175 ιιιιιιιιιι
210 2150 221 2174 ιι
228 2138 297 2175 Gliristo
304 2141 346 2175 roto
353 2137 414 2174 CXLI
415 2138 435 2175 V.
453 2139 484 2174 Ito
488 2138 513 2186 fit
520 2138 634 2187 mopffestriru
642 2151 704 2176 norom

24 2217 26 2220 ·
80 2201 221 2237 corsstitrrtioriero
228 2201 249 2237 ilc
255 2200 341 2249 Episcopi
349 2200 369 2237 iri
373 2200 487 2253 presbyteros
492 2194 636 2249 proripuisset
644 2205 705 2239 cacto·

79 2261 134 2298 ritcte
139 2260 209 2309 fectori
216 2273 252 2298 esse
257 2265 300 2309 post
309 2262 420 2298 centesimum
426 2265 444 2298 et
452 2262 613 2310 pciriqpcpesiriiri
619 2275 631 2299 o
638 2263 705 2300 Christi

79 2322 213 2367 resurrectione
227 2326 245 2358 et
262 2321 341 2369 Spiritus
357 2321 376 2358 S.
390 2322 472 2358 raissiorre
485 2322 504 2358 io
518 2322 618 2369 Apostolos,
634 2335 703 2360 oenum.

81 2381 123 2418 Hoe
134 2375 270 2429 Argumentum
280 2382 360 2419 Dallaeus
372 2381 493 2430 preetermisit,
502 2382 531 2419 vei
544 2382 593 2430 quod
605 2382 622 2419 ei
634 2383 704 2419 nullam

80 2442 117 2477 vim
125 2442 184 2477 inesse
192 2445 276 2489 putaret;
289 2442 318 2478 vel
327 2442 375 2490 quod
382 2442 493 2490 scriptorem
501 2442 624 2490 Epistolarum
632 2444 703 2491 Impos-

80 2504 140 2538 torem
148 2514 186 2538 non
194 2501 285 2549 probaret,
293 2502 325 2539 sed
334 2492 444 2551 supponeret
449 2518 454 2548 3
467 2503 496 2539 vel
505 2503 553 2552 quod
561 2515 598 2539 suae
606 2503 703 2555 hypothesi

81 2560 156 2598 minime
163 2561 273 2608 conveniret,
281 2562 312 2611 qui
318 2562 439 2611 impostorem
446 2575 500 2599 suum
506 2563 535 2600 vel
541 2562 574 2600 sub
583 2563 639 2600 finem
647 2564 703 2610 tertii,

81 2623 110 2659 vel
121 2623 155 2660 sub
166 2623 240 2660 initium
254 2624 315 2672 quarti
330 2624 391 2661 saculi
402 2624 467 2662 uixisse
480 2624 551 2673 putavit
555 2640 560 2670 3
574 2628 704 2674 quo'tempore

81 2694 140 2728 uerno,
151 2684 181 2731 qui
194 2688 231 2722 no'n
244 2684 364 2731 insonuisset
373 2685 503 2734 Episcopatum
512 2687 597 2723 novellare
608 2688 706 2724 institutio-
