1693 2957
120 196 157 231 338
309 205 436 232 mannanhun
448 204 555 231 uncarrruu

122 293 216 342 ignatium
230 297 330 343 praetereat,
346 296 425 345 praeterit
440 300 459 332 et
471 294 591 344 Polycarpum
604 296 622 330 et
635 291 710 342 Papiam
724 295 743 328 et

123 356 237 395 Quadratum
246 359 264 394 et
273 356 374 395 Aristidem
382 360 400 394 ct
409 342 503 394 lustinum
512 358 530 391 et
539 354 648 392 Melitenam
657 357 675 390 ct
685 352 743 390 Athe-

122 429 210 465 nagoram
225 421 243 454 et
256 417 366 468 Dionysium
382 421 401 455 ct
416 417 537 467 Hippolytum
552 419 570 452 ct
587 415 712 464 Hegesippum
722 409 744 450 vet
830 464 833 468 s

123 478 214 526 Irenaeum
218 493 224 523 3
242 478 287 526 quos
304 492 366 516 omnes
382 491 423 516 eum
439 477 549 526 ignoravisse
565 488 603 513 non
619 479 669 523 puto,
685 474 744 520 magis
786 509 788 512 ,
831 497 833 499 -

125 551 179 587 quam
196 539 307 588 Magistrum
323 552 377 576 suum
391 540 505 577 Pantaenum.
541 536 576 575 sec
595 535 683 573 “mirum
699 533 744 580 est,’'

124 601 190 649 inqui,
204 603 216 621 “
225 602 256 649 qui
268 602 297 638 vel
310 613 332 637 cx
345 614 383 638 una
396 600 494 638 Clementis
509 600 533 637 ad
545 598 649 636 Corinthios
663 596 746 645 Epistola

125 660 163 696 tria
172 664 270 707 quatuorve
282 660 321 697 loca
335 661 355 696 in
367 662 483 697 Stromateon
494 672 547 707 opere
556 658 655 705 descripsit,
667 656 715 694 nihil
726 656 747 692 in

125 723 163 755 tam
177 717 240 754 multis
255 718 329 765 Ignatii,
344 731 369 755 ne
382 719 492 755 sententiam
505 718 579 766 quidem
591 730 647 754 unam
659 715 746 765 reperisse

126 792 180 828 quam
191 780 283 816 notaret.”
309 780 346 816 Cur
358 791 396 816 non
404 784 423 816 et
435 780 607 816 Barnabam‘etiam
618 778 707 827 producit,
717 777 747 825 qui

126 839 191 889 saepius
198 839 219 876 in
227 852 249 877 eo
257 840 317 888 Opere
324 840 423 885 laudatur?
434 852 465 877 cur
473 852 512 877 non
520 843 539 876 et
545 840 640 884 Hermam,
650 839 681 887 qui
690 839 748 875 adhuc

8 913 12 921 ·
33 897 111 964 ἓξὲξ)
126 901 239 950 frequentius
255 900 365 938 adducitur?
397 901 505 950 Quicunque
521 900 620 938 Clementis
637 900 748 937 Strcmateas

34 974 87 1001 mentis
127 962 182 1010 probe
191 961 247 1007 novit,
259 973 353 1009 nunquam
361 961 457 999 mirabitrn·
466 961 488 998 ab
497 974 518 998 eo
527 962 620 1008 Ignatium
629 973 668 997 esse
676 963 749 1007 praeter-

34 1011 96 1077 {lgm
128 1021 181 1066 itum,
194 1024 232 1058 tres
244 1020 323 1070 reliquos
334 1021 388 1058 toties
401 1022 471 1058 citatos.
496 1023 580 1058 Instituit
590 1022 628 1058 illic
642 1021 750 1058 Gnosticum

129 1095 188 1128 suum,
205 1095 243 1119 non
257 1082 361 1131 vrdgaiibus
377 1082 480 1130 Theologiae
495 1083 588 1131 principiis
603 1082 700 1127 imbutum,
718 1082 751 1118 sed

129 1142 178 1179 tdtra
186 1142 263 1179 aliorum
271 1142 416 1179 Christianorum
425 1146 493 1179 sortem
501 1142 596 1188 elevatum,
605 1146 624 1179 et
631 1146 653 1179 ut
662 1142 751 1190 Magister
770 1159 772 1161 ¹
834 1182 836 1189 ,

131 1203 216 1251 Origenis
235 1203 313 1251 mystica
334 1215 408 1251 quaeque
425 1206 444 1239 et
460 1204 559 1251 anagogica
574 1203 642 1251 ubique
659 1206 750 1246 sectatur3

91 1267 93 1273 “
132 1262 191 1309 qualia
209 1263 229 1298 in
245 1262 335 1298 Barnabae
350 1262 437 1310 Epistola,
455 1266 473 1299 et
490 1263 565 1299 Hermae
581 1263 657 1299 Pastore
673 1261 752 1311 plurima

131 1327 234 1367 occrurunt,
243 1323 263 1358 in
275 1323 410 1371 simplicissimis
419 1326 437 1359 et
448 1323 560 1360 monitorum
568 1323 695 1370 tautummodo
704 1323 751 1361 salu-

132 1383 192 1421 brium
204 1383 263 1432 plenis
276 1383 345 1431 Ignatii
357 1383 443 1432 Epistolis
455 1397 493 1420 non
505 1385 625 1431 reperiuntur.
652 1384 688 1421 Sed
697 1385 751 1431 dices,
763 1418 764 1421 ,

132 1445 187 1481 etiam
198 1444 299 1490 Clementis
310 1443 391 1492 Epistola
404 1444 538 1492 simplicitatem
550 1444 673 1493 Apostolicam
686 1446 751 1493 spirat:

103 1501 105 1507 ¹
132 1519 154 1542 ex
166 1505 291 1543 illarerotria
302 1507 401 1553 quatuorve
412 1506 453 1542 loca
465 1504 528 1542 affert:
548 1505 579 1541 Ita
592 1517 640 1551 sane.
667 1505 704 1543 Sed
712 1506 752 1543 Cle·
835 1547 839 1555 Α

132 1578 184 1601 meus
192 1566 326 1601 Alexandrinus
335 1557 390 1601 etiam
402 1565 422 1600 in
434 1566 466 1600 illa
477 1565 545 1612 aliquid
556 1578 594 1601 non
603 1566 678 1612 simplex
687 1567 752 1611 etpvul-
775 1591 777 1594 .
831 1572 840 1613 ζ,

132 1637 175 1674 gara
183 1624 315 1670 animadvertit,
321 1624 356 1667 sed
364 1626 431 1672 acccc
437 1622 550 1676 τελειοτέραν
558 1637 595 1674 prae
603 1637 622 1662 se
630 1624 696 1671 ferens,
705 1626 753 1675 quod
838 1617 840 1626 ¹

133 1699 155 1722 ex
163 1687 195 1723 illa
205 1699 243 1723 non
255 1686 311 1723 semel
319 1686 404 1734 excerpit.
419 1711 420 1714 =
430 1686 519 1724 Observat
528 1687 641 1728 Clementem
650 1687 761 1723 Romanum

133 1739 244 1784 differentias
259 1759 321 1783 eornm
334 1746 365 1796 qui
378 1750 421 1783 sunt
433 1745 506 1795 probati
519 1746 539 1783 in
551 1747 633 1785 Ecclesia
646 1747 753 1793 describere,

133 1811 151 1843 et
165 1808 252 1844 intereos
266 1819 333 1854 ponere
346 1805 377 1843 τὸν
389 1804 463 1844 δννιιτὸν
475 1807 542 1853 (γνῶσιν
555 1805 635 1853 ἐξειπεῖν,
648 1819 690 1843 eum
698 1806 754 1855 igitur

133 1867 193 1904 locum
201 1866 230 1904 bis
238 1867 287 1913 citat,
297 1870 337 1903 tum
345 1866 365 1903 in
372 1863 431 1916 primo
437 1866 491 1912 libro,
500 1871 541 1911 tum
548 1867 567 1903 in
578 1866 648 1904 sentol,
660 1867 755 1909 ¹Observat

71 1950 73 1954 .
134 1941 176 1964 eum
189 1926 246 1966 τύπον
258 1927 299 1966 τινὰ
307 1931 338 1966 τοῦ
346 1929 447 1981 quaeritari
455 1927 574 1979 acceptasti,
579 1927 658 1976 scrccccc
667 1923 755 1976 qucudcia

136 1989 215 2026 Gnostici
229 1989 332 2034 describere,
350 1988 372 2025 ad
387 2002 442 2037 quam
456 2001 518 2026 omnes
534 2001 581 2037 pene
594 1989 681 2038 Epistola
694 1993 755 2037 partes

135 2049 181 2083 miro
189 2049 243 2084 modo
251 2049 311 2093 refert,
320 2050 366 2085 libro
376 2052 439 2096 quarto
445 2054 456 2085 ⁰.
482 2050 541 2085 Notat
553 2052 571 2085 et
584 2049 657 2085 cicadas
666 2049 704 2096 ejus
712 2053 755 2095 port

136 2118 223 2152 cccccccccc,
233 2119 277 2154 quos
286 2119 328 2143 cum
336 2107 434 2143 Platonicis
443 2107 527 2144 confert*
544 2109 594 2145 Talia
606 2108 655 2158 apud
662 2108 755 2156 ignatium

135 2170 218 2203 nostrum
230 2166 312 2203 invenire
324 2178 363 2202 uon
376 2170 428 2205 erat„
451 2167 550 2209 Silentium
565 2169 622 2216 igitur
637 2168 756 2205 Alexandrini

134 2240 172 2265 non
180 2227 249 2264 iudicat
261 2227 358 2276 Ignatiana
366 2239 404 2264 non
412 2227 472 2273 fuisse,
481 2226 513 2264 sed
522 2228 544 2264 ad
552 2227 687 2265 informandum
697 2229 755 2266 (11101-
804 2224 806 2227 ’
836 2271 839 2283 Α

134 2289 196 2334 ticum,
210 2289 233 2325 ad
246 2289 341 2336 mysticam
350 2293 368 2325 ct
381 2289 498 2336 anagogicam
511 2290 676 2337 tropologicamque
690 2290 756 2330 doctri·

135 2362 178 2386 nam
194 2349 327 2396 illustrandam,
347 2353 378 2387 aut
395 2348 530 2398 Philosophiam
547 2349 663 2388 excolendam
680 2349 756 2388 minime

135 2410 205 2450 idonea.
614 2454 616 2457 v

161 2471 197 2508 Sed
206 2474 275 2508 certum
284 2475 302 2507 et
314 2471 409 2508 definitum
421 2471 473 2508 nobis
485 2472 545 2508 locum
557 2471 626 2508 indicat
640 2471 756 2508 Stromatecn

257 2606 269 2641 *¹
279 2608 311 2636 Lib,
318 2609 327 2636 i.
338 2618 367 2645 cap.
374 2610 399 2638 vii.
406 2612 413 2646 ξ
420 2611 441 2638 38.
461 2610 492 2638 Lib.
500 2611 518 2639 ri.
529 2619 558 2648 cap.
565 2611 586 2639 iii.
594 2613 600 2646 ς
608 2611 629 2638 ti.

263 2650 269 2663 ¹
279 2645 312 2683 (lap.
319 2646 354 2676 urii.
361 2647 393 2676 init.
591 2661 597 2666 =
