1679 2935
306 241 330 270 aa
343 239 444 269 anmoaau.
665 235 688 272 11

63 338 104 369 tuna
113 344 152 368 esse
161 328 179 368 et
191 332 251 368 nostri
258 332 347 377 fatentur,
357 320 375 367 et
383 331 491 367 Adversarii
496 334 604 379 queruntur,
614 331 691 367 eandem

64 405 127 431 rocem
136 393 200 430 eodem
209 404 265 430 sensu
273 391 397 441 accipiendam
406 404 449 429 essa

90 455 118 492 Ut
130 457 191 491 autem
202 453 237 491 hoc
249 452 345 490 dilucidius
357 457 448 502 appareat,
460 453 521 490 locum
531 453 598 502 ipsum,
611 456 633 489 ut
644 452 693 500 apud

64 519 151 569 nostrum
162 518 226 561 exstat,
238 515 332 563 integrum
342 526 439 563 apponam.
465 514 493 551 Ex
504 514 566 552 codice
577 514 662 551 Medioec
672 513 775 567 innooprtg-
805 526 810 532 ¹
837 531 839 534 v

66 576 149 626 Epistola
157 577 180 614 ad
189 576 295 626 Magnesios
306 576 346 613 haec
356 575 502 623 transcribimus,
511 588 527 613 c.
536 577 554 614 3.
574 575 612 614 Kal
622 575 664 623 ὑμῖν
674 574 694 613 δὲ
700 563 792 629 ffi‘m'

66 637 133 689 aptast
147 637 171 686 μὴ
187 636 308 689 σνηχρᾶσθιιι
315 638 338 685 τῇ
346 635 410 687 ἡλικίη
418 638 449 674 τοῦ
458 635 579 681 Ἐπισκόπον,
589 636 640 675 ἀλλὰ
647 635 695 675 nard

67 699 142 747 bdaapnn
151 697 275 749 Θεοῦπατρὸς
288 700 352 735 πᾶσαν
365 689 453 747 ἐντροπὴν
464 697 513 748 αὐτῷ
524 697 626 746 ἀπονέμειν,
635 696 695 738 aalide

67 759 124 808 ἕηνοιν
136 759 167 796 nal
179 757 221 799 rods
234 757 296 807 ἁγίους
310 756 452 808 πρεσβυτέρους,
464 757 484 795 ου’
499 757 649 809 προσειληφότας
662 758 696 805 τήν

42 868 45 871 Δ
68 818 178 872 φαινομένην
188 818 294 870 νεωτερικην
304 817 361 872 τάξιν,
371 817 413 856 ἀλλ’
426 818 450 859 ὡς
460 817 557 870 φρονίμους
568 819 587 857 ἐν
597 820 638 870 Θεῷ
651 832 696 867 συη-

68 882 172 933 χωροῦντος
185 878 240 931 ιιύτῲ.
265 881 360 929 interpres
371 880 492 919 Usserianus:
519 880 556 918 Sed
569 884 587 919 et
603 893 634 918 aas
647 881 697 918 docet

69 955 104 979 non
115 943 163 979 conti
176 945 228 978 atate
238 941 330 989 Episcopi,
339 942 372 977 sed
383 941 478 978 secaaaaa
489 942 573 978 cartana
584 942 620 978 Da
632 942 697 978 Patris

69 1004 185 1041 ocanonttara
198 1004 214 1040 oi
227 1003 309 1049 tribano,
321 1003 367 1039 sicat
381 1003 453 1050 capnooi
467 1006 484 1040 ot
496 1006 567 1040 sanctos
577 1003 696 1051 presbyteros,

70 1078 105 1102 non
114 1068 220 1102 assumentes
229 1068 343 1113 apparantem
347 1064 438 1112 janianon
446 1065 531 1108 ordinan,
537 1066 570 1101 seat
575 1068 595 1101 at
601 1065 698 1111 pandentes
747 1055 748 1058 ¹

70 1127 141 1175 inDco
157 1127 271 1163 concedentes
286 1126 327 1173 ipsi.
353 1125 416 1162 Primo
432 1125 489 1174 igitar
505 1126 555 1163 hunc
572 1126 698 1175 Interpretari

71 1188 160 1225 habemus
172 1187 323 1232 consentientem,
333 1186 365 1235 qni
376 1186 400 1223 ad
411 1190 485 1224 aetatem
497 1187 582 1236 Episcopi
594 1187 698 1236 respiciens,

72 1247 177 1298 νεωτεριιὴν
192 1246 249 1296 τάξιν,
263 1261 302 1285 noa
315 1248 401 1284 oooeaaa
417 1248 550 1294 institutionem,
565 1248 597 1286 sod
609 1249 700 1296 juniorem

18 1354 21 1359 Δ
73 1309 153 1345 ordinent
160 1308 221 1345 vertit.
247 1308 298 1345 Huic
311 1307 428 1357 adjungimus
436 1308 590 1356 interpolatorem
599 1308 636 1345 sire
645 1309 699 1345 Para-

72 1371 166 1418 phrasten,
174 1370 205 1419 qui
212 1382 245 1418 pro
255 1370 357 1418 ignatianis
366 1382 399 1407 sua
406 1370 446 1407 haec
454 1371 520 1418 posuit,
530 1368 550 1406 ον’
559 1369 604 1421 πρὸς
615 1369 648 1417 τὴν
657 1371 700 1420 φοι·
752 1419 754 1424 V

74 1430 148 1479 νομὲνην
157 1429 262 1481 ἀφορῶντος
270 1428 350 1477 νεότητι.
370 1430 462 1478 Vulgatus
470 1431 570 1479 interpres,
579 1431 621 1468 Non
625 1435 701 1479 proptor
752 1427 754 1430 ’

69 1493 180 1540 jaoaontntan
191 1504 229 1539 pace
239 1492 259 1528 in
270 1504 289 1528 co
299 1492 373 1531 vadeno,
381 1491 490 1529 arbitrantes
501 1503 540 1529 earn
552 1493 699 1530 contemnendam.

74 1553 129 1591 Unde
144 1552 257 1591 occasionem
271 1556 337 1590 nactus
353 1556 469 1590 communem
484 1553 547 1590 locum
564 1553 586 1590 de
602 1552 705 1602 prudentia-

72 1614 161 1662 juvenum
177 1626 210 1662 pro
227 1626 259 1649 suo
276 1613 361 1649 instituto
378 1613 434 1649 latins
448 1616 521 1658 tractat,
539 1616 558 1650 et
575 1614 661 1663 exemplis
679 1627 701 1650 ex

74 1674 139 1711 Veteri
147 1677 165 1710 et
176 1674 230 1710 Naro
243 1673 319 1710 Foedere
332 1674 433 1710 confirmat.
460 1674 501 1710 Hos
512 1685 534 1710 ex
542 1663 641 1711 Veteribus
654 1674 701 1710 solos

75 1733 145 1782 ignatii
161 1733 270 1781 interpretes
286 1733 381 1780 habemus,
397 1733 428 1782 qui
444 1733 502 1770 totius
523 1737 620 1771 contextus
637 1739 701 1771 tenore

43 1795 44 1798 ’
75 1796 126 1833 ducti
138 1796 188 1833 hunc
201 1795 254 1832 nobis
267 1795 364 1833 uerborum
377 1807 451 1832 sensum
463 1794 584 1833 tradiderunt.
611 1795 701 1843 Secundo,

60 1856 64 1861 “
75 1871 104 1895 res
113 1858 153 1907 ipsa
161 1858 233 1903 clamat,
243 1860 262 1894 et
270 1856 318 1893 hanc
326 1856 496 1906 interpretationem
505 1856 606 1894 necessario
614 1857 701 1906 postulat.

75 1911 249 1968 Auctor'ilpistolae
263 1917 344 1955 ostendit
363 1931 382 1955 se
397 1918 463 1955 vidisse
482 1918 562 1956 Damam
578 1930 641 1956 eorum
658 1919 702 1968 Epi-

76 1993 157 2029 scopum,
169 1984 188 2016 et
201 1979 347 2028 Sotionemejas
359 1980 463 2015 Diaconum
473 1979 542 2026 iaudat,
554 1980 601 2029 quod
612 1980 702 2030 Episcopo

76 2054 114 2086 suo,
129 2043 151 2078 ut
168 2040 254 2088 oportuit,
270 2040 364 2088 subjectus
379 2043 432 2076 esset.
461 2039 527 2077 Monet
540 2040 604 2088 igitir
614 2041 702 2090 populum

76 2101 223 2151 Magnesiam,
237 2103 259 2138 ut
272 2100 300 2138 illi
314 2100 369 2138 etiarn
382 2101 443 2138 nolint
457 2100 582 2152 συηχρᾶσθιιι,
595 2115 633 2139 non
647 2102 702 2140 nimis

76 2162 249 2201 familiaritercum
269 2173 290 2197 eo
308 2164 368 2208 agant,
386 2164 418 2198 aut
434 2161 494 2209 ipsum
512 2165 636 2208 contemnant,
654 2163 703 2210 quod

77 2223 160 2261 videatur
175 2222 238 2271 junior
255 2225 314 2268 aetate,
332 2222 365 2258 sed
384 2225 407 2258 ut
423 2222 545 2261 reuerentiam
565 2222 583 2260 ei
599 2223 702 2261 exhibeant.

78 2285 138 2333 Urget
151 2282 254 2331 exemplum
267 2282 421 2330 presbyterorum,
434 2295 512 2331 quorum
525 2282 570 2320 duos
584 2295 646 2321 secum
657 2291 703 2321 tuno

77 2346 148 2390 habuit,
155 2346 234 2381 Bassum
243 2346 261 2381 et
269 2343 393 2391 Apollonium,
400 2356 480 2392 quosque
488 2344 539 2382 novit
548 2345 608 2382 eidem
612 2345 702 2395 Episcopo

79 2406 160 2457 quamtis
169 2405 238 2455 juniori
251 2404 331 2442 debitam
344 2405 465 2442 reverentiam
477 2405 590 2454 praestitisse.
616 2408 702 2444 Ostendit

77 2469 194 2517 juventutem
202 2466 241 2515 ejus
250 2477 288 2502 esse
297 2464 409 2516 φαινομένην,
417 2466 479 2503 innuit
488 2479 530 2504 enm
539 2471 592 2504 aetate
602 2468 675 2517 quidem
684 2472 702 2505 et

75 2529 179 2577 'conspectu
189 2527 375 2576 proseminat-ibus
388 2531 450 2565 autem
462 2540 523 2565 senem
537 2528 602 2566 tuisse:
617 2529 702 2566 obedien-

79 2592 125 2627 tiam
133 2590 150 2626 ei
157 2589 281 2637 praestandam
289 2588 388 2633 docet,aut
399 2589 460 2637 potius
467 2590 488 2625 in
496 2601 518 2626 eo
526 2590 566 2626 Deo
577 2589 613 2637 ipsi
621 2591 704 2627 omnium

80 2651 176 2698 Episcopo.
200 2648 257 2693 Nam,
263 2651 285 2684 ut
293 2651 342 2685 recte
351 2648 456 2686 observavit·
463 2649 481 2686 s,
490 2650 640 2696 Ohrpsostomas:
655 2651 704 2698 Apo-

80 2711 143 2748 stolus.
151 2707 194 2761 περὶ
206 2706 239 2757 μὲν
253 2705 375 2762 Ἐπισκόπῳν
387 2706 525 2759 διοτιιττόμενος
538 2708 616 2758 οὐδαμοῦ
632 2708 705 2757 τίθησιν
749 2728 751 2730 ·
