1679 2935
187 192 259 232 unsrun
271 171 381 219 luoronrrrs
393 191 521 226 armannum:
542 220 544 222 ,
627 183 662 218 235

43 293 109 333 Primo
121 286 232 328 Athanasius
248 297 291 321 eum
307 282 374 329 hausit,
392 281 424 330 qui
441 281 559 330 “egregium
572 281 708 329 quendam-sebit
720 299 757 320 eno-

43 356 107 397 locum,
117 355 136 388 et
148 360 184 386 suae
196 350 257 384 causaev
262 343 379 381 utilissimum
391 342 412 379 in
423 342 511 392 Epistolis
522 346 588 379 nactus
596 331 758 395 ignatitffiplffl

1 451 3 453 ,
44 426 85 451 eum
96 396 170 447 nomine
180 405 261 443 laudavit
267 405 285 449 β’
300 403 373 439 sedille
387 406 398 423 “
407 403 493 451 deceptus
502 406 540 448 est3
553 402 617 445 nihil''
627 402 751 451 qui-accurrat·

45 474 86 510 dem
101 473 113 492 “
120 466 220 519 peecavit,'’
235 465 276 512 (hoc
288 464 367 511 largitur
380 463 415 501 Vir
432 463 558 511 doctissimus)
574 463 606 501 scd
623 466 634 483 “
643 463 665 501 ab

45 531 122 572 Eusebio
131 530 221 574 ostentata
229 523 338 562 auctoritate
343 522 416 561 delusus
424 524 470 561 est.”
492 524 539 561 Turn
547 525 589 562 vero
603 526 614 543 “
622 523 669 563 hinc

46 596 68 632 ab
76 590 182 636 Athanasio,
191 587 242 639 illinc
250 585 273 622 ab
281 585 376 631 Eusebio’'
385 585 454 622 factum
463 589 496 631 est,
505 588 527 622 ut
536 587 548 604 “
554 584 666 634 paucideiu-

46 668 86 703 ceps
94 653 162 690 fuerint
171 650 201 698 qui
212 661 233 685 ea
241 647 287 684 falsa
298 659 337 684 esse
345 647 488 684 existimarent.”
514 647 561 684 Tota
572 646 611 683 haee
623 648 760 687 con-Athanasius

44 717 163 764 Jecturarum,
169 708 328 757 suspicionumque
337 707 488 756 congeriesnullo
496 706 571 755 negotio
580 686 749 760 ffifflalffldiiddbidt

1 767 4 802 Ῐ
47 775 87 813 Qua
95 771 144 809 enirn
155 768 222 806 fiducia
229 767 341 806 Athanasius
353 767 464 809 ah-hlusebio
473 766 546 805 delusus
557 767 613 805 firisse
622 766 669 805 diei-1
674 763 719 832 Offilr
730 769 760 829 {9¹¹

45 840 81 881 tur,
91 832 122 882 qui
128 832 249 880 Polycarpum
259 833 278 866 et
287 830 379 866 Irenaeum
391 842 432 867 non
440 829 501 866 minus
510 841 565 878 quam
576 811 682 870 Eusebiusa
706 809 731 830 uso
741 808 760 830 Μ’

46 894 126 943 legerat?
145 892 182 929 Cur
190 889 293 929 Athanasio
300 902 338 927 non
346 890 407 937 minus
416 902 470 938 quam
478 889 564 940 Eusebio,
573 889 669 938 imponere

2 945 3 948 ¹
47 955 144 1003 potuerunt
153 950 263 998 Polycarpus
272 953 291 987 et
302 950 393 995 irenaeus,
401 949 416 986 si
426 949 472 986 illud
482 961 544 986 revera
552 949 617 987 testati
629 961 669 986 non

47 1016 83 1059 sint
91 1012 139 1061 quod
151 1010 210 1047 nostri
219 1023 249 1047 eos
261 1013 337 1047 testatos
348 1023 388 1047 esse
397 1009 475 1046 dicunt?
500 1010 535 1049 An,
543 1009 579 1046 illev
586 1009 669 1049 Eusebio
686 1026 688 1028 ·

48 1072 150 1122 diligentior
162 1075 194 1108 aut
207 1071 228 1108 in
240 1071 294 1108 rebus
307 1070 413 1120 hujusmodi
424 1070 543 1120 perspicacior
551 1070 600 1107 fuit?
626 1071 669 1119 Imp

48 1133 136 1183 quomodo
144 1132 233 1170 Eusebius
242 1131 340 1180 ignatiana
349 1131 459 1181 exgtenebris
468 1131 489 1169 in
498 1131 558 1168 lucem
567 1131 669 1171 Athanasio

47 1195 148 1239 induxerat,
156 1193 187 1242 qui
196 1193 259 1231 eadem
270 1193 290 1230 in
297 1193 376 1242 Origene
385 1196 428 1229 ante
436 1192 518 1240 legerat?
544 1192 638 1229 Asseritur
646 1192 669 1229 ab

47 1255 143 1294 Albertino
155 1258 209 1303 atque
221 1255 276 1291 etiam
289 1255 359 1291 Dallaeo
371 1253 563 1302 Pseudo-Dionysium
571 1253 670 1301 Ignatiana

48 1329 79 1352 sua
87 1316 110 1351 ab
119 1316 199 1363 Origene
207 1315 290 1351 hausisse
297 1328 301 1360 ς
316 1327 348 1350 eur
356 1327 394 1350 non
403 1314 425 1349 ab
432 1314 595 1362 eodemEpistolas
603 1314 637 1349 has
646 1314 669 1350 ab

48 1376 120 1423 ignatio
135 1376 210 1423 scriptas
226 1375 282 1412 fiiisse
299 1375 387 1412 didicerat
401 1374 514 1412 Athanasius
519 1389 525 1420 5
543 1386 576 1411 cur
591 1386 630 1411 non
645 1374 669 1412 ab

47 1436 78 1472 illo
86 1440 147 1473 vetere
156 1436 248 1484 scriptore,
258 1449 269 1472 a
278 1448 313 1484 quo
323 1432 356 1471 sira
364 1435 463 1484 ignatiana
474 1438 576 1484 sumpserat
584 1435 669 1481 Basilius,
678 1467 680 1470 .
735 1426 738 1431 ‚

47 1496 148 1533 Athanasio
155 1496 282 1544 synchronus?
296 1496 342 1532 Haec
347 1495 409 1532 omnia
414 1495 482 1542 legisse
486 1495 610 1531 Athanasium
616 1486 670 1532 nemo

48 1556 131 1593 dubitat:
148 1555 223 1592 Eusebii
235 1559 297 1591 autem
310 1555 412 1591 Historiam
424 1554 571 1591 Ecclesiasticarn
584 1559 616 1591 aut
629 1555 683 1591 11111,

48 1619 112 1663 genter
120 1615 211 1661 evolvisse,
223 1619 255 1651 aut
264 1615 343 1659 omnino,
353 1627 394 1650 curn
403 1614 439 1649 ista
447 1613 541 1659 scriberet,
548 1614 619 1659 vidisse,
631 1627 670 1651 non

49 1679 126 1722 constat,
153 1675 243 1725 Seriptam
252 1688 292 1712 earn
300 1675 355 1722 fuisse
364 1674 459 1724 postremis
467 1674 542 1712 Eusebii
550 1675 668 1723 temporibus,
713 1719 715 1724 λ

49 1736 96 1773 circa
104 1749 173 1777 annum
181 1746 256 1774 cccxxx.
265 1736 305 1774 vrilt
313 1736 400 1774 Dallaus.
421 1736 471 1773 Ante
480 1748 522 1773 eum
531 1748 599 1773 annum
608 1748 619 1773 a
627 1736 668 1774 Me·
676 1742 730 1771 Probat

48 1798 119 1834 letianis
136 1802 155 1835 et
171 1798 278 1835 Eusebianis
295 1798 344 1845 apud
357 1797 499 1835 Constantinum
515 1801 594 1843 vexatus,
610 1801 629 1834 et
645 1780 759 1847 11ὸῖἳῖᾞέἕέ

49 1858 158 1899 Alexandria
167 1858 338 1907 Constantinopolin
347 1861 431 1902 evocatus
440 1861 473 1895 est.
495 1858 540 1896 Post
548 1870 591 1895 eum
600 1871 669 1895 annum
676 1859 716 1893 gesta
722 1866 744 1885 ΓΕ·

50 1918 111 1954 statim
119 1919 141 1955 de
150 1919 204 1956 eahae
212 1919 302 1963 f1·acto‚7et
310 1918 388 1955 Arsenio
397 1918 568 1967 ocoisoaeeusatrut:
580 1918 672 1966 proximo,
676 1903 763 1960 iffldilu-

50 1977 146 2027 Dalmatio,
162 1979 193 2029 qui
205 1979 222 2017 ei
236 1977 343 2016 Antiochiae
351 1977 407 2028 judex
420 1977 472 2015 datus
485 1982 518 2025 est,
532 1991 606 2016 causam
618 1992 670 2016 suam
677 1970 715 2038 ἓξὲξ
726 1969 763 2038 ἐξ

50 2040 125 2086 probare
133 2045 210 2087 coactus,
222 2041 242 2077 in
251 2040 362 2089 exquirendo
370 2040 448 2077 Arsenio
457 2044 555 2088 occupatus
564 2044 600 2078 esti
612 2079 614 2082 Α
623 2042 716 2092 Turnpide
722 2047 764 2083 rgna-

50 2112 91 2137 vero
100 2100 202 2139 Concilium
211 2102 297 2139 Caesareae
307 2100 402 2146 indictum,
413 2113 449 2149 quo
458 2100 553 2149 pervenire
565 2100 606 2139 ideo
619 2114 671 2139 recu·
678 2088 735 2153 {ffissssn
740 2094 764 2123 1³⁰·

51 2160 101 2205 sarit,
111 2162 153 2210 quia
160 2163 209 2199 idem
217 2156 313 2207 Eusebius,
320 2162 352 2210 qui
359 2173 398 2198 non
406 2162 439 2198 diu
448 2168 491 2198 aute
500 2163 602 2199 Historiam
610 2163 671 2199 edide-

51 2222 84 2264 rat,
93 2221 132 2269 ejus
144 2222 180 2259 loci
191 2222 291 2271 Episcopus
304 2226 362 2271 csset3
375 2235 418 2261 mox
430 2222 474 2271 Tyri
485 2223 509 2260 in.
514 2223 596 2260 Concilio
609 2223 675 2263 adesse

51 2284 127 2329 coactus,
137 2283 170 2321 sub
180 2284 241 2333 judice
252 2283 301 2324 inter
312 2283 357 2321 ahos
366 2283 421 2320 etiam
429 2283 508 2321 Eusebio
516 2288 588 2330 nostro,
594 2284 671 2321 ibidem-

51 2352 86 2387 que
99 2343 229 2389 condemnatus
234 2360 243 2390 3.
254 2344 297 2382 inde
311 2344 383 2392 elapsus
397 2344 479 2391 confugit
493 2343 669 2391 Constantinopolin,

51 2400 83 2437 ubi
92 2403 154 2441 statim
163 2405 274 2451 seutentiam,
279 2403 397 2452 relegationis
404 2403 478 2452 aceepit,
488 2406 506 2440 et
514 2402 534 2440 in
542 2403 610 2440 Gallias
619 2404 671 2441 exsul

52 2462 116 2499 rnissus
123 2469 156 2501 est.
169 2467 274 2502 Restitutus
281 2465 354 2512 quidem
362 2464 492 2499 Alexandriam
499 2464 564 2510 pergit,
569 2464 602 2499 ubi
607 2467 671 2499 tamen

52 2520 84 2557 diu
97 2535 169 2562 securus
181 2538 220 2572 non
231 2525 279 2571 fiiit3
292 2523 324 2562 sed
332 2523 466 2567 Haereticorum
475 2523 524 2560 domi
535 2526 581 2567 aestu
592 2523 674 2573 agitatus

31 2625 33 2630 f
53 2578 160 2622 Pontificem
166 2580 270 2623 Romanum
278 2583 362 2634 appellat,
368 2587 387 2621 et
395 2582 446 2621 novis
454 2582 609 2621 criminationibus
616 2595 671 2620 onus-

53 2642 169 2684 arabonam
177 2647 302 2695 proficiscitur.
327 2646 373 2683 Mox
379 2645 401 2694 in
410 2645 484 2695 Synodo
492 2644 608 2699 Antiochena
617 2643 674 2699 depo-¹
