1679 2935
307 222 418 249 imrurmun.
638 216 678 252 301·

55 313 95 352 rods
104 312 123 348 ἐν
131 311 219 361 Absdnup
227 310 301 359 ἀνέμους
314 310 354 346 καθ’
367 310 418 358 ἡμῶν
430 310 537 361 ἐγείραντος,
562 313 636 348 Inimico
645 314 677 349 acl-

55 385 114 410 casas
123 385 154 409 aas
163 372 273 409 acerbissime
282 375 375 418 perpacata
384 384 420 417 per
429 383 471 407 snas
483 384 537 408 accus
546 373 608 408 l'tercs
616 385 678 409 reuera

55 433 152 480 aucupato
169 432 256 478 tartaricus,
273 444 364 479 carnesque
379 432 457 478 AEppptt'
472 435 533 468 acatos
550 433 634 468 aduersas
647 444 678 468 rios

56 493 159 537 coarctante,
172 493 193 528 ut
205 491 244 540 ipse
255 491 278 529 de
290 490 385 534 Demetrio
397 491 479 539 loquitur
486 491 507 528 in
515 491 623 529 Praefatione
633 492 679 528 tomi

56 553 102 590 sexti
117 552 138 588 in
155 552 251 588 Joannem,
286 551 307 588 Si
323 551 456 604 deniquentres
472 555 546 588 tantum
562 552 648 600 Episcopi
659 552 679 587 111

56 614 136 663 AEgypto
150 612 244 650 Demetrio
259 612 341 650 arixiliati
356 616 422 658 essent,
436 625 460 649 an
476 613 592 662 Synodorum
606 612 680 649 illarum

58 675 133 712 decretis
144 675 263 711 consensisset
271 674 365 711 universus
374 674 428 721 orbis,
438 679 513 723 excepta
521 674 623 721 Palaestina,
632 675 678 711 Ara-

57 736 93 779 bia,
102 735 196 771 Phoenicia
204 739 222 770 et
229 735 304 779 Achaia,
314 736 362 781 quod
370 738 448 771 testatur
458 736 475 771 S.
483 735 621 782 Hieronymus?
634 736 679 770 Non

57 797 85 831 est
98 793 155 842 igitur
170 793 245 831 dubium
260 794 304 842 quin
319 794 417 843 Episcopos
432 806 454 832 ex
465 795 546 843 AEgypto
559 794 646 843 plurimos
658 794 679 831 in

58 855 155 902 Origenern
168 854 285 891 concitaverit
299 854 414 899 Demetrius3
429 867 483 902 quem
498 854 565 890 idcirco
579 854 627 891 'falso
640 858 678 890 tres

56 919 129 951 tantum
137 915 252 951 constituisse
261 914 316 951 tradit
324 915 375 952 nullo
385 910 458 952 auctore
466 915 574 963 Eutychim,
584 926 649 962 eosque
657 914 678 950 in

56 976 106 1012 himo
116 975 175 1023 ipsum
188 975 244 1011 finem
255 974 363 1011 constitutos
378 978 399 1011 ut
412 975 510 1023 Origencin
523 975 617 1023 pellerent,
626 974 678 1011 nulla

57 1048 99 1072 cum
106 1035 176 1071 ratione
185 1034 248 1071 statuit
257 1034 351 1072 Seldenus.

81 1095 171 1131 Praeterea
184 1097 254 1131 constat
269 1106 292 1131 en
304 1094 388 1141 Epistola
398 1094 499 1131 Alexandri
507 1086 622 1131 Alexandria
633 1093 678 1142 Epi·
685 1098 762 1144 ouotnpt-

57 1156 106 1203 scopi
126 1158 168 1190 ante
186 1155 288 1191 Concilium
306 1155 399 1191 Niccnum
419 1166 466 1202 pene
487 1149 561 1191 centum
577 1146 745 1211 Episcoposfflpp

58 1214 134 1262 AEgypti
149 1213 259 1250 consensisse
273 1213 293 1249 in
308 1207 479 1257 condemnationem
493 1213 534 1250 Arii
547 1217 565 1250 et
577 1214 678 1262 aliquorum
685 1214 701 1242 in
707 1211 772 1258 conden-

58 1275 114 1310 etiam
121 1274 258 1322 Episcoporum.
284 1275 360 1310 Constat
376 1270 433 1309 etiarn
444 1286 539 1321 nunquam
550 1273 591 1310 fieri
601 1273 679 1309 mentio·
685 1255 760 1316 ffiffl

57 1345 101 1369 nem
108 1333 214 1379 pauciorum
226 1332 247 1368 in
257 1332 289 1368 illa
302 1332 382 1368 Dioecesi
390 1332 522 1379 Episcoporum
534 1332 625 1379 prioribus
633 1335 681 1368 tem·
688 1333 748 1355 sensere.

58 1392 138 1440 poribus.
159 1391 316 1428 Verisimillimum
324 1391 381 1439 igitur
390 1397 417 1428 est
425 1404 463 1427 non
471 1387 529 1428 multo
538 1393 631 1439 pauciores
638 1392 682 1428 olim

37 1450 39 1452 ’
58 1452 119 1488 fiisse.
146 1451 173 1487 Ut
183 1451 205 1487 ad
214 1463 235 1488 ea
243 1455 326 1500 tempora
333 1451 407 1500 propius
416 1450 571 1500 accedamus'quae
579 1451 682 1499 eutychius

59 1512 154 1559 indigitat,
168 1511 267 1560 Dionysius
276 1511 307 1559 qui
315 1512 398 1547 Heracleo
410 1511 496 1547 successit
507 1512 571 1559 quinto
580 1512 681 1560 Imperato-

58 1571 84 1607 ris
93 1570 178 1618 Philippi,
188 1583 219 1606 sex
227 1570 279 1606 annis
292 1574 335 1607 unte
347 1570 432 1617 Origenis
445 1575 529 1616 mortem,
538 1571 568 1606 cui
576 1574 595 1606 et
602 1567 682 1607 maxime
740 1610 746 1614 ἡ

59 1631 108 1676 favit,
117 1630 163 1667 nihil
172 1630 194 1666 de
202 1629 291 1667 Demetrii
300 1634 331 1666 aut
340 1629 423 1666 Heraclea
431 1630 528 1665 auxiliariis
538 1630 588 1674 dixit,
596 1630 618 1666 de
626 1626 681 1667 uariis

59 1692 152 1740 Episcopis
165 1691 244 1739 loquitur
257 1703 295 1727 non
309 1694 397 1738 tanquam
411 1690 468 1735 novis,
482 1690 513 1727 sed
526 1694 548 1735 ut
561 1690 592 1727 alii
606 1692 628 1727 de
643 1692 681 1728 suis

60 1753 118 1787 solent
131 1752 239 1799 inpropriis
254 1752 373 1787 Dioecesibus.
400 1751 475 1799 Scripsit
490 1751 513 1786 ad
529 1751 623 1788 Cononem
632 1752 680 1787 Her-

59 1811 191 1859 mopolitanum
204 1810 319 1859 Episcopum,
336 1810 359 1847 ad
373 1810 470 1847 Hieracem
486 1809 597 1859 Episcopum
611 1810 681 1860 AEgyp-

59 1871 133 1918 tiacum,
147 1872 170 1907 ad
181 1871 290 1908 Ammonem
305 1871 401 1908 Berenices
414 1871 530 1919 Episcopum,
545 1872 569 1908 ad
582 1871 681 1908 Basilidem

60 1931 220 1980 Pentapolitanum
227 1931 342 1979 Episcopum,
352 1931 412 1968 aliossl.
439 1931 476 1968 Sub
485 1931 534 1968 illius
542 1932 654 1969 Pontificatu
662 1930 681 1967 ἐν

0 2015 2 2017 ·
60 1988 177 2027 Πεντνπόλεν
185 1991 216 2036 τῆς
227 1988 263 2027 ἄνω
272 1988 344 2035 Λιβύης
355 1988 454 2035 τηνικαῦτά
463 2004 510 2030 τινες
518 1991 554 2028 τῶν
562 1989 682 2028 Ἐπισκόπων

62 2049 163 2099 ἐφρόνησαν
175 2048 199 2086 τὰ
211 2049 323 2094 Σαβελλίου,
334 2051 405 2097 paidom
419 2051 546 2098 episcoporum
559 2052 579 2087 tn
587 2052 682 2101 Pentapol'

1 2105 4 2114 ⁴
61 2110 135 2146 sabellii
147 2111 250 2146 sententiam
260 2110 417 2157 impenetratae,
426 2111 500 2158 quidam
510 2116 573 2148 autem
581 2112 684 2149 Orthodoxi

62 2183 103 2206 eum
112 2183 171 2206 coram
183 2170 271 2218 Dionysio
283 2171 366 2207 Romano
378 2171 497 2209 accusabant:
511 2176 563 2209 erant
574 2172 630 2220 igitur
638 2177 684 2209 tunc

61 2230 148 2277 temporis
161 2230 181 2264 in
191 2230 286 2277 Pentapoli
298 2230 384 2277 Episcopi
398 2232 571 2278 compluresneque
585 2232 683 2278 pauciores,

62 2288 131 2336 opinor,
145 2301 199 2336 quam
210 2289 279 2325 ibidem
296 2288 343 2326 circa
356 2290 456 2326 Alexandri
472 2292 555 2336 tempora
568 2290 682 2326 exstiterunt.

61 2347 112 2384 Nam
124 2359 166 2384 cum
179 2351 242 2394 postea
256 2347 354 2384 Palaebisca
368 2351 387 2384 et
401 2348 478 2396 Hydrax
489 2347 524 2384 vici
536 2348 640 2396 Pentapolis
649 2348 684 2385 sibi

62 2405 143 2455 proprios
149 2406 247 2454 Episcopos
255 2406 294 2442 fieri
303 2410 401 2451 curassent,
411 2406 433 2442 ab
440 2407 524 2443 omnibns
532 2407 607 2455 Synesio
616 2419 683 2445 renuu-

63 2466 131 2504 ciatum
139 2469 166 2503 est
177 2464 255 2515 πάτριον
268 2463 313 2502 εἶναι
325 2463 355 2502 nal
368 2464 492 2502 ἀποστολικὸν
504 2465 629 2517 Ἐρνθρίτιδνς
638 2466 683 2505 εἶναι

63 2525 94 2562 rat
106 2523 171 2565 rubras
184 2523 341 2569 uis'Eaabuot‘as,
355 2535 377 2560 ea
386 2524 455 2569 patria,
467 2528 485 2561 er
494 2525 599 2572 Apostolicc
613 2527 684 2563 ordinu-

64 2585 110 2627 ta'onc
118 2586 198 2633 aptaro
207 2584 315 2622 contributas
323 2596 360 2620 csse
372 2586 404 2620 lias
412 2582 502 2622 Ecclesiae
509 2602 514 2628 ς
528 2587 620 2637 Erythraei
625 2587 684 2636 igitur

247 2660 253 2678 ἰ
262 2654 295 2683 Eus.
303 2654 321 2683 Η,
328 2655 346 2683 vi·
355 2654 380 2689 to;
390 2655 415 2685 vii.
422 2655 448 2691 215
457 2655 496 2684 alibi.
