1679 2935
55 723 76 753 De
83 725 136 753 entere-

56 763 75 792 rii
81 763 126 792 Patri·

51 802 82 834 ,hus
88 802 132 838 Apos-

55 839 106 868 tolicis.

146 190 169 225 18
391 192 414 230 ia
427 194 526 231 tncronnrt

147 290 226 326 adducta
234 291 279 327 mihi
287 293 378 339 postulare
386 294 462 340 videtur,
471 298 492 331 ut
501 294 594 346 vaureprar)
603 294 654 342 τάξις
663 295 686 332 ad
695 286 767 332 aetatem

146 349 241 387 referatur.
267 351 348 388 Dcnotat
365 353 414 390 enim
429 355 468 390 siue
482 354 537 391 dubio
549 355 617 403 aliquid
629 355 677 403 quod
691 368 713 392 ex
725 367 767 391 con·

148 414 212 461 spectu
220 411 284 448 Damae
293 414 390 461 apparebat
395 429 400 459 ς
414 418 435 452 ut
443 415 548 453 ostenderet
561 408 603 453 eum
615 416 668 453 vultu
676 416 767 465 juvenem,

148 472 229 510 moribus
238 473 302 510 virum.
329 474 370 512 Quo
383 475 437 512 etiam
448 476 485 521 illa,
500 474 531 513 τὸν
546 474 647 514 ἐπίσκοπον
661 477 724 513 τοῦτον
737 472 768 511 τὸν

147 532 268 580 βλεπόμενον,
290 546 330 582 quae
351 535 412 572 statim
433 536 457 572 in
472 537 535 573 eadem
556 537 640 584 periocha
661 534 768 583 sequuntur,

149 596 238 641 spectant.
730 589 734 597 ‘¹

174 656 224 692 Dum
236 656 280 701 hac,
290 656 349 705 Opere
362 656 435 705 penitus
448 656 506 703 finito,
519 656 586 694 Lector
598 656 690 702 benevole,
704 656 767 702 scribe,

149 722 270 765 pervenerunt
285 718 308 753 ad
324 730 389 754 manus
406 730 461 764 meas,
477 719 510 754 SS.
525 719 601 755 Petraia
619 720 648 766 prii
665 719 769 766 temporibus

148 776 256 824 Apostolica's
268 777 369 824 floruerant
388 778 451 825 Opera,
467 791 478 814 a
495 779 565 815 Joanne
582 779 665 826 Baptista
680 778 768 816 Gotelerio

135 858 137 861 ·
149 835 244 873 Societatis
254 836 359 872 Serbonicae
371 837 463 884 Theologo
476 837 580 874 doctissimo
589 837 643 874 edita.
669 838 711 876 Quo
722 837 769 874 libro

149 898 250 942 conspecto,
263 895 313 932 hisce
327 896 440 943 temporibus
454 909 492 933 non
505 898 557 946 potui
568 910 606 935 non
620 898 665 934 serio
676 897 768 946 gratulari,

150 956 198 1005 quod
211 956 266 993 etiam
279 957 300 993 iu
311 957 392 994 Ecclesia
404 948 503 1003 Gallicana,
515 958 639 994 Libertatibus
653 958 689 994 suis
702 958 770 1005 optime

148 1030 186 1065 usa,
196 1017 283 1066 theologi
296 1030 318 1055 er
332 1017 382 1055 omni
396 1017 458 1055 ordine
471 1017 549 1056 maxime
562 1017 628 1055 eruditi
644 1030 682 1055 non
696 1022 770 1056 tantum

149 1092 182 1127 pro
190 1077 237 1115 veris
245 1078 325 1126 antiqua
337 1078 423 1116 Ecclesiae
435 1079 558 1116 monumentis
572 1083 645 1116 strenue
659 1082 769 1124 concertent,

150 1139 183 1176 sed
194 1143 212 1175 et
223 1139 246 1175 de
257 1139 309 1175 libris
321 1138 386 1186 spuriis
397 1143 415 1175 et
424 1138 547 1187 supposititiis,
557 1138 588 1187 qui
599 1139 688 1175 hactenus
701 1138 770 1176 mundo

150 1200 282 1249 imposuerunt,
296 1205 314 1236 et
329 1201 380 1237 suavi
395 1201 490 1237 vetustatis
507 1201 577 1237 somnio
592 1200 661 1237 animos
676 1201 771 1237 hominum

152 1261 278 1304 delinivenurt
288 1261 327 1296 sine
340 1260 390 1296 omni
401 1260 481 1308 partium
495 1259 554 1295 studio
566 1260 649 1307 judicent
654 1274 659 1303 5
674 1261 722 1307 quod
729 1264 771 1308 post

153 1320 276 1365 sumendum,
289 1320 389 1364 Petavium,
403 1321 479 1357 Petrum
492 1319 515 1356 de
527 1320 596 1365 Marce,
611 1319 711 1364 Morinum,
723 1310 771 1357 Lauss

152 1380 221 1426 noium,
235 1383 277 1429 post
285 1380 385 1426 Valesium,
398 1379 494 1425 Huctium,
507 1378 586 1429 aliosque
599 1381 704 1429 complures,
717 1381 772 1418 etiam

154 1441 254 1479 Ootelerius
263 1441 339 1478 candide
348 1441 370 1477 de
377 1440 407 1477 his
415 1441 469 1477 rebus
478 1440 590 1488 pronunciet,
600 1441 711 1478 cruditorum
724 1441 772 1478 inter

152 1505 223 1538 nostros
239 1501 319 1537 virorum
336 1499 449 1548 diligentiam
466 1499 598 1548 sapeprohet,
617 1492 716 1549 eademque
730 1513 772 1537 cum

152 1563 236 1599 libertate
245 1561 306 1598 omnia
315 1561 406 1598 discutiat.
432 1560 487 1597 Unde
499 1573 539 1608 spes
553 1564 581 1597 est
593 1560 689 1609 aliquando
699 1560 743 1607 fore,
752 1566 773 1597 ut

152 1622 273 1670 Dogmatibus
285 1621 415 1658 Ecclesiasticis
429 1621 487 1670 major
495 1621 528 1657 lux
541 1620 632 1669 affulgeat,
642 1621 773 1658 Controversia

151 1683 171 1720 in
181 1682 250 1720 Scholis
262 1682 340 1730 agitatae,
349 1681 434 1731 pudendo
446 1682 570 1730 Impostorum
581 1682 681 1730 patrocinio
694 1683 772 1728 nudatae,

152 1747 171 1779 et
179 1744 222 1778 ficta
228 1742 348 1789 Antiquitatis
357 1742 406 1778 larva
415 1742 501 1790 spoliatae,
509 1741 578 1789 aequius
584 1741 659 1777 tandem
668 1746 686 1777 et
695 1742 774 1778 sedatius

151 1804 280 1848 terminentur,
290 1803 381 1851 animique
395 1803 491 1839 hominum
504 1814 531 1847 ea,
540 1814 576 1850 qna
588 1814 621 1850 par
633 1807 665 1847 est,
671 1803 775 1840 'reverentia

152 1863 262 1911 primitivam
282 1862 388 1906 Ecclesiam,
410 1874 443 1897 sua
463 1861 578 1908 simplicitate
599 1861 719 1909 conspicuam,
740 1875 774 1898 nec

154 1921 217 1958 alienis
233 1920 323 1957 coloribus
340 1915 440 1969 depictam,¹
451 1922 483 1956 aut
499 1918 559 1968 potins
575 1919 698 1967 deformatam,
713 1934 774 1970 prose-

155 1985 239 2031 quantur.
255 1982 307 2018 Inter
315 1981 355 2017 haec
363 1981 385 2017 Β.
393 1980 462 2028 Ignatii
467 1980 554 2028 Epistulae
563 1981 616 2017 etiarn
626 1981 680 2018 Notis
690 1983 775 2020 Cotelerii

155 2041 250 2078 illustratae
264 2040 381 2088 prodierunt;
403 2052 447 2088 quas
462 2039 501 2088 jan
518 2040 541 2076 ad
558 2040 655 2078 editionem
671 2045 775 2080 nostrorum

155 2100 249 2151 testinans,
258 2099 315 2145 avide,
325 2103 414 2148 quantum
425 2112 458 2147 per
466 2099 553 2148 temporis
565 2101 656 2149 angustias
668 2096 725 2148 licuit,
734 2117 774 2152 per-

156 2160 210 2197 curri.
228 2160 288 2195 Video
297 2163 363 2203 autem,
370 2159 406 2195 nisi
412 2172 442 2195 me
450 2159 542 2195 festinatio
549 2161 618 2204 fefellit,
628 2162 668 2196 Viri
677 2162 775 2198 doctissimi

156 2217 266 2256 senteutiam
280 2230 322 2254 cum
330 2221 393 2255 nostra
404 2218 458 2267 plane
471 2209 620 2266 conspirantem}
630 2220 679 2257 idem
690 2221 712 2258 de
720 2213 775 2270 Igna-

99 2316 102 2319 ,
156 2278 210 2316 tinnis
217 2277 312 2326 judicium,
322 2278 398 2315 eandem
407 2277 429 2315 de
438 2278 548 2326 argumentis
557 2279 706 2318 Adversariorum
718 2283 775 2331 opini-

157 2352 216 2383 onem,
236 2338 313 2375 similem
325 2338 372 2388 ,fae
392 2339 473 2376 locorum
495 2339 633 2387 explicationem
655 2339 775 2389 deprehendo.

156 2398 212 2450 Unde
223 2398 269 2434 mihi
280 2398 330 2434 haud
342 2399 389 2435 male
403 2399 488 2447 arigurari
496 2399 563 2446 rddeor,
576 2402 684 2438 sententiam
695 2407 776 2441 nostram

156 2459 198 2497 riris
208 2458 269 2504 doctis,
279 2464 297 2495 et
306 2459 325 2495 in
333 2460 368 2497 hoc
376 2460 470 2496 literarum
479 2473 544 2508 genere
553 2462 621 2508 optime
630 2463 704 2515 versatis
713 2476 776 2512 appro-

145 2612 147 2615 .
155 2580 192 2609 tavit
198 2579 289 2607 doctissimus
295 2579 373 2608 nourrius:
383 2581 421 2608 “An
428 2580 454 2608 Pu·
479 2580 587 2618 disquirendum
593 2582 734 2623 relinquo'ssltellql
739 2584 776 2615 Secr.

144 2617 221 2652 >ilentinui
233 2617 277 2645 verba
291 2617 338 2645 lucem
353 2616 412 2645 afferant
424 2618 454 2647 illis
478 2619 537 2649 iii‘lssl'.

148 2657 168 2685 '‘S.
176 2654 231 2692 Ignatii
237 2655 253 2682 iu
259 2654 300 2690 llpist
309 2654 326 2683 od
332 2655 416 2691 illagnesios,
422 2656 453 2684 aliis
