1679 2935
334 214 445 242 nnrnmrun.
664 205 700 241 295

83 308 170 356 Origenes
187 306 313 352 Adamantius,
327 306 432 342 notissimus
448 305 479 341 ille
496 305 562 342 scholae
575 305 702 342 Alexandrinae

82 368 176 417 praefectus
190 371 208 403 ct
221 367 310 404 Demetrii
324 366 442 415 synchronus.
468 366 517 401 Eum
530 369 598 410 tamen,
612 366 627 401 si
644 365 702 413 Euty-

82 428 123 466 ebio
134 428 177 465 huic
191 427 285 472 eredimus,
299 426 412 464 Jnstinianus
421 427 523 474 Imperator
532 425 702 472 Constantinopolin

83 489 180 534 accersivit,
202 492 220 524 et
240 488 341 536 Eutychius
364 485 470 524 Patriamha
491 485 703 533 Constantinopolitamis

83 548 249 586 excommunicarit.
269 548 346 585 Addidit
355 551 417 585 autem
423 547 450 584 illi
458 551 495 584 tres
503 547 523 583 in
531 546 597 583 itincre
605 550 624 582 et
632 558 702 582 exeom-

82 609 205 646 municatione
213 609 293 653 comites,
299 608 353 645 Ibam
360 608 470 656 Episcopum
477 608 587 651 Rohensem,
592 605 703 643 Tlraddacum

83 669 192 718 Episcopum
203 668 341 715 Massinensem,
351 672 369 705 et
381 668 515 706 Eheodoretum
523 667 634 716 Episcopum
641 665 704 714 Aney-

82 742 159 776 rensem,
167 742 211 777 qnos
220 742 280 767 coram
288 730 400 779 Imperatore
409 734 463 779 atque
469 729 575 767 Patriarelia
583 727 703 777 comparuisse

84 790 141 836 docet,
154 802 186 839 per
197 790 308 827 Thaddaeum
320 791 452 828 Massinensem
464 791 579 828 Theodorum
588 790 703 838 Mopsueste-

83 863 128 886 unm
141 851 249 899 intelligens,
263 856 282 888 et
295 852 428 889 Theodoretum
441 864 473 902 pro
489 851 564 901 Cyrensi
578 850 703 900 Aneyrensem

84 913 179 959 appellans.
206 914 270 948 Solum
282 914 330 948 enim
340 914 394 949 Ibam
406 918 455 949 recte
467 913 549 948 nominat
557 913 659 956 Robenseoa
668 911 703 946 hoc

84 976 116 1018 cstJ
126 972 243 1010 Edesscnmu.
268 969 301 1031 ayt
312 974 387 1010 enimet
397 972 481 1011 Ἔδεσσα
493 972 633 1011 eademcivitas.
647 970 702 1008 Unde

84 1032 201 1080 Abulfaragio
218 1034 251 1096 [EA
268 1035 320 1078 &Aa
330 1035 370 1100 fil
389 1034 452 1081 Abpar
467 1047 500 1071 rea
516 1035 588 1078 11111110,
606 1032 638 1081 qui
655 1031 703 1080 apud
710 1033 751 1080 hona

84 1093 184 1129 Eusebium
193 1093 258 1130 dieitur
264 1093 358 1144 “aoyapos
366 1094 460 1145 τοπάρχης
468 1093 561 1140 Ἐδέσσης.
587 1095 632 1130 Erat
641 1096 703 1129 autem
710 1075 788 1144 ppppapuep-

84 1151 171 1199 Atyanas,
186 1153 222 1190 sire
235 1153 317 1201 Apteron
330 1167 426 1192 commime
440 1167 508 1192 nomen
521 1154 619 1192 Osdroenae
631 1152 703 1200 regulo·
711 1147 768 1176 anessa.

85 1224 130 1256 rum,
140 1224 217 1259 qnorum
224 1214 274 1260 regia
282 1213 354 1249 Edessae
362 1201 403 1257 fuir)
411 1208 520 1249 attestatur
528 1213 632 1260 Procopius.
651 1212 705 1247 Idem
712 1211 768 1249 rugari

85 1272 141 1307 tradit
149 1272 264 1308 Antoninmn
276 1273 325 1309 inter
338 1273 415 1318 tham,
424 1269 445 1309 et
457 1274 554 1309 Haranum
567 1272 647 1308 occisum
661 1283 704 1316 esse,
712 1259 788 1318 ssffine

85 1334 106 1367 nt
118 1331 139 1367 in
148 1332 224 1368 Eusebii
232 1332 322 1370 Chronico
334 1332 417 1387 legimns,
426 1332 527 1369 Antarados
540 1331 647 1380 taterytara·
659 1331 706 1369 a'ater
713 1327 790 1395 {ffissnae

86 1392 198 1428 Edessaaret
208 1393 279 1428 Carras.
299 1393 330 1428 Ita
337 1394 396 1438 Itota,
406 1394 440 1429 hoe
449 1396 482 1438 cst,
491 1393 569 1437 Edessae,
579 1392 707 1429 Constantium
746 1426 749 1436 ,
791 1386 794 1393 ’

87 1449 177 1492 Helenam
191 1452 281 1488 invenisse
297 1453 352 1489 refert
365 1453 472 1502 Eutychius.
499 1452 582 1490 Quodsi
596 1452 707 1489 observasset

87 1511 180 1556 Seldenns,
194 1513 288 1560 nmrquam
299 1513 319 1548 iu
332 1513 450 1561 Eutychianis
465 1512 501 1547 suis
514 1512 593 1557 elisisset,
609 1512 708 1547 “Ubinam

86 1570 125 1607 brec
141 1571 215 1608 ‘Rhea'
231 1585 264 1620 ego
277 1585 307 1609 me
320 1573 390 1610 nescire
404 1573 480 1617 fateor?
494 1585 589 1620 nunqnam
604 1569 709 1620 adportatur

88 1631 186 1669 Plroenicire
200 1632 263 1670 urbem
278 1633 393 1681 confugisset,
408 1646 503 1681 nunquam
515 1632 558 1669 inde
571 1633 675 1679 nappaeae
687 1632 708 1668 in

87 1693 175 1741 bithynia
187 1693 295 1738 deduxisset,
309 1706 402 1742 nunqnam
416 1693 469 1730 verba
482 1694 560 1730 Cedreni
574 1692 617 1742 περὶ
629 1692 663 1739 τήν
676 1694 708 1739 τῆς

88 1752 157 1792 Aarr‘as
168 1751 228 1795 πόλιν,
241 1753 261 1790 in
272 1751 314 1801 περὶ
327 1752 359 1799 τὴν
372 1754 403 1798 τῆς
415 1751 492 1800 ‘Pedias
504 1752 560 1790 πόλιν
573 1756 708 1797 commutasset,

89 1814 182 1860 totamque
194 1812 270 1849 Helenae
281 1812 375 1848 historiam
388 1824 420 1860 per
434 1824 453 1848 se
467 1812 509 1848 satis
522 1812 611 1849 incertam
625 1815 653 1849 tet
666 1824 709 1848 con-

85 1873 161 1920 jecturis
170 1873 361 1921 emendationibusque
369 1873 487 1909 incertiorem
495 1873 609 1910 reddidisset.
625 1872 709 1916 Quatuor

88 1932 150 1980 itaque
158 1932 205 1970 viros
216 1933 236 1969 in
245 1933 327 1970 Historia
338 1933 465 1970 Ecclesiastico
477 1933 580 1970 notissimos
593 1945 653 1969 eoram
667 1933 709 1969 Jus-

55 2033 56 2036 ¹
88 1992 159 2028 tiniano
174 1993 294 2040 comparuisse
308 1993 365 2029 tradit
380 1992 488 2042 Eutychius,
500 1994 531 2041 qni
544 2005 607 2029 omnes
621 1993 653 2029 diu
667 1996 710 2029 ante

88 2052 157 2087 mortui
171 2052 254 2097 fueranty
272 2065 350 2099 quorum
366 2053 448 2088 omnium
463 2053 601 2100 antiquissimus
617 2056 655 2088 erat
669 2052 711 2088 Ori-

90 2123 150 2158 genes,
164 2124 202 2149 11011
215 2112 314 2159 Episcopus
326 2112 459 2159 Morrhapeasm
473 2112 505 2149 sed
516 2112 617 2160 presbyter,
631 2115 650 2149 et
659 2113 712 2149 Cate-

90 2171 308 2221 chistanlexandiinus,
327 2173 366 2221 ipse
385 2172 511 2217 Adamantius,
534 2185 588 2221 quem
608 2172 713 2209 Demetrius

90 2232 171 2281 dlgypto
182 2232 257 2281 fugavit,
268 2232 323 2281 idque
337 2245 371 2282 ope
382 2233 438 2270 trium
447 2234 606 2282 Eutychianorum
614 2233 712 2281 Episcopo-

90 2304 138 2336 rum,
150 2297 172 2326 nt
186 2293 274 2328 Seldenns
288 2294 394 2328 hariolatus.
421 2294 457 2329 Sed
472 2295 530 2339 qiialis
542 2293 570 2327 illi
583 2294 605 2328 de
619 2294 713 2328 Demetrio
739 2293 741 2295 ’

91 2349 135 2385 fides
152 2350 254 2387 adhibenda
271 2353 304 2396 est,
319 2351 351 2398 qui
365 2351 464 2398 Origenem
481 2349 573 2387 nescivit?
599 2350 635 2386 Hic
649 2353 713 2386 autem

92 2408 196 2445 Demetrius
206 2414 227 2445 ut
235 2413 272 2446 tres
280 2410 378 2457 Episcopos
390 2410 410 2446 in
419 2410 495 2457 AEgypti
504 2410 573 2446 ditione
582 2410 677 2455 ordinavit,
686 2410 713 2447 ita

92 2468 115 2504 ad
131 2472 168 2505 tres
181 2468 279 2516 Episcopus
297 2472 348 2504 extra
364 2469 466 2516 AEgyptum
483 2468 558 2517 scripsit.
584 2469 612 2505 Eo
630 2473 712 2517 ternpore,
744 2479 746 2482 '

111 2577 335 2614 ι1ῐ111.Ροο,Ῑ1[111,1111111.
346 2576 389 2606 Varie
414 2578 448 2606 Vid.
459 2578 518 2608 Poceeli.
530 2557 606 2614 Specimen
618 2580 657 2608 Hist.
670 2580 714 2609 Arab.

93 2615 160 2643 serthitm·
180 2623 232 2643 nonina
255 2614 291 2650 ipsud
316 2614 388 2642 Assenmn.
414 2616 466 2651 p.359.

94 2652 153 2687 0111111,
170 2652 224 2687 Araris,
240 2652 287 2688 Itale,
304 2654 318 2681 ci
335 2651 388 2688 Orplm.
