1747 2957
162 177 198 213 326
350 189 479 220 inconnurcu
491 189 597 219 unonruon

163 276 178 311 si
189 288 218 312 aas
227 278 294 326 optime
302 280 374 318 noverit
382 286 401 319 et
409 283 484 320 inanimi
495 281 564 327 iecerit,
578 283 596 317 et
609 279 632 316 ad
644 288 719 315 manum
730 274 785 312 etiam

164 349 205 373 cum
217 338 303 376 scriberet
316 341 412 389 hahuerit,
425 343 530 381 incredibile
542 347 605 379 tamen
617 343 645 378 ost
658 351 699 376 euin
708 336 785 375 voluisse

163 399 192 436 vel
205 413 261 438 tinam
274 404 421 441 sentcntiamex
432 406 454 441 iis
468 405 551 449 aduersus
563 402 639 441 Aetium
651 400 745 442 adducere,
754 395 786 445 qui

142 481 144 484 ·
165 459 215 498 aliut
223 461 243 498 in
251 465 290 501 toto
298 463 330 502 illo
340 466 399 514 Opere
407 466 513 502 institutum
521 464 591 509 habuit,
598 462 641 499 etin
646 461 697 497 nulla
704 470 785 508 unquam

166 521 288 572 disputatione
297 526 381 564 adversus
389 528 448 564 ullum
457 527 574 571 Hareticurn,
588 525 610 562 ad
621 523 669 560 illius
679 524 787 568 argmenta

165 585 285 630 retundenda,
292 587 321 623 vel
328 599 385 623 unam
394 588 503 624 sententiam
511 599 533 623 ex
538 586 627 623 Veterum
636 581 696 628 aliquo
705 578 786 616 addimit.

168 643 258 681 Quorsum
263 646 323 694 ,igitur
331 646 362 695 qui
368 647 446 697 reliquos
454 661 516 685 omnes
524 645 616 697 praeteriit,
625 642 720 693 Ignatioin
728 640 786 678 solum

165 703 260 741 laudaret?

73 765 140 831 {nepote
191 765 275 802 Secunda
280 766 387 821 Observatio
394 781 416 805 ex
421 768 524 817 Epiphanio
532 767 590 816 petita
597 767 656 803 multo
664 764 724 801 minos
732 762 786 800 valet.

73 813 151 871 ouhffipss
166 827 178 845 “
187 825 293 873 eraedam,”
307 828 372 876 inqiut,
386 828 407 865 in
421 828 543 876 disputatione
558 827 642 863 adversus
656 823 707 860 Aerii
721 822 787 870 dogma

73 879 131 954 ffilss
167 886 238 933 “ponit
250 898 292 923 cum
305 887 407 936 Ignatianis
418 888 529 938 apertissime
541 885 647 937 pugnantia,
661 885 698 920 imo
710 883 788 920 totidem

127 940 130 948 ’
165 950 247 986 monstra
261 960 283 986 ex
298 949 367 998 Ignatii
379 950 474 1000 Epistolici
488 948 611 987 Hierarchicis
623 946 705 996 legibus:
722 948 788 998 quibus

165 1008 289 1057 Epistolarum
303 1009 365 1061 κυρίας
381 1009 434 1058 δόξας
450 1010 519 1059 liquido
533 1009 597 1048 evertit
609 1009 741 1059 Epiphanius?
768 1010 788 1047 Si

128 1097 129 1100 η
165 1069 204 1107 haec
212 1082 255 1108 vera
263 1070 304 1117 sint,
313 1083 351 1109 uon
359 1075 432 1108 tantum
441 1071 492 1109 Aerii
500 1074 607 1118 ar⁷gumenta
617 1072 697 1107 “leviter
708 1084 729 1108 ac
737 1071 789 1107 molli

165 1127 240 1168 brachio
253 1130 325 1177 solvit,’'
341 1131 372 1168 sed
386 1135 404 1168 ct
417 1131 542 1180 imprudenter
555 1143 629 1167 causam
639 1143 691 1168 suam
703 1130 788 1179 prodidit.

165 1190 236 1229 Verum
244 1192 297 1229 aliter
304 1193 358 1242 plane
367 1204 386 1230 se
394 1204 423 1230 res
431 1192 492 1230 habet.
505 1190 641 1240 Distinguenda
649 1194 692 1228 sunt
700 1196 787 1242 tempora,

167 1256 186 1290 et
199 1253 286 1301 Ecclesiae
299 1257 363 1300 status,
381 1254 429 1302 quod
446 1258 528 1291 accurate
543 1253 625 1290 observat
638 1253 757 1301 Epiphanius,
770 1258 789 1290 et

168 1314 230 1351 omnia
237 1314 299 1351 statim
306 1315 360 1363 plane
369 1315 477 1352 convenient
482 1306 492 1359 5·
500 1313 551 1351 nulla
559 1314 607 1350 inter
615 1314 710 1361 Ignatium
718 1317 737 1350 et
745 1313 789 1362 Epi-

167 1374 256 1422 phanirnn
273 1374 342 1411 dissidii
356 1376 397 1411 vola
410 1375 439 1412 vel
451 1369 549 1423 uestigium
566 1374 665 1422 apparebit.
691 1374 719 1411 De
736 1377 789 1411 aetate

169 1435 186 1471 S.
195 1433 248 1472 Pauli
257 1436 294 1483 agit
302 1436 421 1484 Epiphanius,
431 1435 494 1471 desua
506 1434 596 1482 Ignatius.
622 1433 657 1470 lllc
669 1434 692 1470 dc
704 1434 789 1471 Ecclesiis

166 1494 305 1544 particularibus
313 1495 396 1532 nonduin
404 1494 489 1533 omnibns
497 1493 578 1532 numeris
587 1493 679 1538 absolutis,
689 1498 708 1532 et
716 1493 789 1546 πληρώ-

166 1570 216 1604 ρατα
228 1554 329 1604 οἰκονομίας
341 1557 400 1594 adhuc
412 1557 521 1605 recepturis,
534 1555 565 1592 hic
575 1555 597 1592 de
606 1555 712 1604 jambplene
724 1556 789 1593 consti-
826 1564 828 1567 ’

166 1617 216 1661 tutis,
223 1619 241 1653 et
248 1616 314 1652 intima
319 1617 449 1665 Apostolorum
457 1629 514 1653 manu
523 1615 626 1661 efformatis,
634 1620 688 1663 atque
697 1616 789 1653 stabilitis.

167 1677 198 1713 lta
209 1676 240 1713 ille
255 1676 277 1713 de
288 1677 343 1715 Aelio
356 1677 441 1725 loquitu,
457 1674 497 1714 Ota
510 1674 556 1714 οἶδεν
568 1674 578 1713 ὁ
590 1674 622 1723 τὴν
637 1674 746 1714 ἀκολουθίαν
758 1677 790 1723 τῆς

168 1735 254 1784 ἀληθείας
262 1735 360 1786 ἀγνοήσας,
370 1736 400 1777 καὶ
409 1739 496 1791 ἱστορίαις
504 1737 617 1785 βαθυτάτας
628 1737 653 1787 μὴ
666 1737 750 1789 ἐντυχών,
763 1737 791 1776 ὅτι

168 1798 207 1837 νέον
227 1798 278 1838 ὄντος
291 1801 322 1837 τοῦ
336 1799 448 1851 κηρύγματος
463 1799 508 1851 προς
527 1800 550 1837 τοὶ
564 1797 694 1837 ὑποπίπτοντα
713 1798 791 1850 ἔγραφεν
815 1839 816 1842 ,

169 1858 178 1898 ὁ
193 1859 243 1908 ἅγιος
255 1859 375 1902 ’Autoteles
404 1863 489 1899 Veritatis
503 1863 533 1898 ille
546 1862 609 1898 seriem
621 1862 711 1907 ipaercna,
726 1873 758 1897 aec
772 1862 791 1897 νά

168 1921 314 1957 reconditioribas
327 1922 407 1958 historiis
419 1925 499 1958 cercetas
509 1933 544 1958 αοα
554 1921 638 1969 iatellipit
650 1921 734 1958 Scactcm
742 1921 791 1968 Apo,

169 1980 233 2017 stolam
240 1994 278 2018 cum
284 1994 344 2019 recens
351 1986 395 2019 earet
400 1979 495 2032 Ecclzpetc'i
500 1981 606 2031 pradicatio
611 1994 647 2030 pro
655 1993 675 2019 re
683 1986 727 2019 lactc
735 1983 791 2031 scrip

170 2042 218 2078 sisse.
245 2043 318 2080 Scilicet
325 2046 347 2079 nt
355 2044 424 2081 occasio
433 2057 455 2081 cn
466 2044 606 2081 circumstantiis
615 2043 663 2080 illius
676 2043 763 2091 temporis
772 2056 791 2081 se

171 2100 242 2147 obtulit,
252 2114 285 2139 sua
293 2104 359 2151 scripta
366 2104 473 2152 temperavit
481 2104 585 2153 Apostolus.
612 2104 636 2141 ln
646 2104 735 2151 aliquibus
747 2104 791 2141 locis

170 2165 216 2195 tunc
224 2162 309 2209 temporis
318 2166 357 2198 erat
367 2163 466 2210 Episcopus
478 2174 520 2199 cnm
532 2162 623 2207 thoconis,
632 2162 714 2199 nondum
724 2163 792 2199 ibidem

171 2220 276 2258 constitutis
284 2221 394 2271 presbyteris
403 2222 425 2259 ob
438 2223 548 2272 paucitatem
558 2222 640 2260 fidelium
645 2238 650 2267 3
663 2223 732 2260 in-aliis
741 2227 793 2261 erant

170 2283 271 2333 presbyteri
280 2295 322 2322 cum
331 2284 417 2332 diaconis,
426 2284 509 2323 nonduin
518 2284 587 2323 ibidem
595 2285 694 2322 constituto
703 2284 792 2334 Episcopo

172 2345 219 2393 quod
228 2345 324 2394 quisquam
337 2359 358 2383 ea
370 2346 464 2384 functione
473 2346 540 2395 dignus
553 2346 613 2383 adhuc
620 2346 670 2383 haud
677 2345 792 2396 reperiretur.

172 2405 217 2442 Haec
232 2419 254 2442 ex
266 2407 416 2444 reconditioribus
429 2407 508 2443 historiis
522 2408 606 2443 hauserat
618 2406 736 2456 Epiphanius,
749 2419 793 2455 quas

170 2477 209 2503 non
223 2468 336 2516 conspexisse
351 2468 386 2518 ipsi
399 2468 495 2507 videbator
503 2468 575 2507 Aerios.
601 2465 661 2510 Οὕτω,
674 2468 746 2516 inquit,
754 2465 793 2505 κατ’

172 2527 227 2565 ἐκεῖνο
236 2530 300 2578 καιροῦ
308 2527 356 2575 ἦσαν
367 2528 385 2566 οἱ
396 2527 455 2573 τόπον,
467 2528 498 2567 καὶ
506 2523 542 2581 γὰρ
550 2528 627 2567 ἕκαστον
635 2530 712 2580 πρᾶγμα
720 2527 753 2566 οὐκ
761 2527 793 2566 ἀπ’

172 2587 230 2639 ἀρχῆς
243 2588 267 2626 ταὶ
281 2588 341 2627 πάντα
355 2589 416 2642 ἔσχεν
434 2589 485 2629 ἀλλὰ
496 2589 628 2642 προβαίνοντος
642 2591 674 2628 τοῦ
687 2590 754 2640 χρόνον
770 2588 794 2628 τὰ

172 2647 216 2699 πρὸς
225 2649 319 2688 τελείωσιν
330 2654 365 2688 τῶν
373 2654 439 2702 χρειῶν
448 2651 567 2702 αατηρτίζετο.
593 2652 623 2688 Ita
631 2663 665 2698 per
674 2651 720 2688 illud
727 2654 794 2698 tenonis
