1679 2935
303 200 415 230 insusurra.
636 197 672 234 267

54 299 118 339 saecula
130 297 172 344 post
185 291 255 341 Ignatii
267 295 346 328 mortem
359 305 421 329 eanum
434 294 544 341 meminerit,
560 295 635 332 omnino
643 308 676 332 re·
718 284 720 289 ⁸

52 360 130 413 jicimus.
156 354 181 392 ln
188 351 276 401 Epistolis
283 363 356 401 prorsus
365 355 408 390 ante
416 352 451 391 hoc
460 354 546 392 saeculum
553 354 646 402 inauditis,
656 368 676 392 ac

54 434 77 460 ne
86 429 135 457 nunc
148 415 221 464 quidem
233 413 351 459 exstantibus,
361 415 393 451 sed
402 416 518 454 solummodo
529 417 553 454 ad
565 418 677 454 eludendum

56 484 74 520 S.
80 475 175 528 Polycarpi
182 473 307 511 testimonium
317 475 424 523 excogitatis
433 477 489 513 etiam
496 490 583 526 urgemus
588 493 594 523 ;
607 482 626 515 et
635 491 677 515 cum

54 541 100 580 nulli
107 549 189 585 unquam
198 534 263 571 saeculo
272 535 350 583 cognitae
358 536 432 582 fiterint,
441 550 474 585 pro
482 538 571 585 figmento
581 538 676 576 habemus.

55 602 108 640 Idem
117 596 194 645 denique
204 606 274 643 negans
287 599 421 643 argumentum,
430 597 446 633 si
458 597 505 633 forte
517 597 609 644 offeratur,
618 598 677 647 primo

56 659 162 698 discutimus
166 670 172 701 5
190 655 296 701 discussum,
312 656 328 692 si
340 656 411 693 nullam
425 658 446 695 in
460 670 479 695 se
492 658 529 696 vim
542 658 610 696 habere
625 658 678 696 nobis

56 712 141 763 rideatur,
150 728 238 764 negamus
245 730 250 760 3
264 720 283 753 et
291 717 392 765 negationis
400 719 491 757 rationem
499 719 598 757 reddimus.

81 780 138 828 “Ego
145 777 206 823 uero,’'
215 777 318 826 inquieta
327 775 446 827 doctissimus,
453 782 509 818 “non
516 780 620 830 negaverim
628 793 677 830 quae·
684 793 709 823 sad
716 793 754 831 quoa

57 844 144 893 damesse
152 838 257 888 hujusmodi
265 839 285 876 in
294 839 360 888 quibus
368 842 463 889 perperam
467 842 503 879 hoc
511 842 615 889 argumenti
620 854 677 890 genus
684 840 726 897 ἓξὲξ
731 841 767 898 {ff

57 901 141 939 adhibeas
146 900 163 937 :³⁹
172 900 197 936 Et
206 911 239 947 ego
246 899 334 937 affirmare
342 913 381 937 non
388 901 508 938 dubitaverim
516 914 589 938 causam
596 904 678 938 nostram
685 907 701 935 in
707 915 735 942 qua
740 892 768 936 nie

58 960 145 1012 ejusmodi
153 972 196 1006 esse,
205 964 227 996 ut
235 960 256 996 in
264 973 286 997 ea
293 960 329 997 rite
338 961 420 998 adhiberi
427 961 504 999 minime
512 962 574 1011 possit.
601 962 621 999 Si
630 962 678 998 enim
685 944 772 1021 {duffiiesp

57 1034 136 1070 unquam
151 1024 280 1068 argumentum
293 1034 304 1057 a
317 1021 422 1059 testimonio
437 1023 543 1071 negativum
555 1023 603 1059 nihil
614 1023 678 1068 valeat,
696 1029 697 1032 ’

57 1083 76 1119 id
88 1086 129 1119 tum
140 1081 229 1130 praecipue
242 1081 269 1127 fit,
284 1093 326 1118 cum
340 1082 393 1119 datur
406 1087 534 1132 argumentum
549 1096 560 1120 a
573 1083 679 1120 testimonio

58 1142 189 1184 affirmativum,
199 1141 247 1189 quod
259 1142 287 1177 1111
301 1143 356 1189 plane
370 1144 482 1179 contrarium
497 1144 562 1180 asserit
575 1148 593 1180 et
606 1144 679 1180 evincit.

59 1203 127 1240 Contra
135 1201 184 1238 enim
193 1201 331 1238 affirmationem
338 1202 413 1239 testium
422 1203 518 1240 omnifide
528 1203 630 1251 dignorum,
639 1203 680 1239 nul-

58 1264 110 1312 laque
118 1261 202 1298 falsitatis
211 1265 242 1298 aut
250 1253 383 1299 imbecillitatis
389 1262 491 1312 suspicione
498 1262 627 1309 laborantium,
634 1262 681 1299 nihil
735 1298 736 1301 ,

58 1325 105 1362 ualet
114 1324 190 1360 aliorum
202 1323 281 1370 negatio,
290 1323 349 1359 multo
359 1323 420 1360 minus
431 1324 530 1360 silentium.
557 1324 598 1360 Hoc
607 1324 681 1372 quidem

60 1397 102 1421 casu
111 1386 239 1431 argumentum
248 1395 318 1430 negans
331 1383 411 1431 seipsum
423 1387 489 1432 negat:
502 1384 590 1420 fundatur
603 1384 653 1419 enim
660 1383 682 1420 in

60 1443 139 1492 generali
149 1443 220 1480 silentio
225 1457 230 1488 3
244 1445 263 1480 at
272 1454 314 1480 cum
322 1443 350 1481 vel
359 1443 420 1491 plures
428 1444 457 1481 vel
469 1444 524 1481 etiam
537 1457 585 1482 unus
593 1444 680 1492 loquitur,
732 1438 735 1446 ²

60 1505 142 1552 generale
151 1504 244 1541 silentium
252 1507 330 1541 nonest.
353 1504 434 1542 (luivim
443 1505 481 1553 ejus
490 1505 568 1541 maxime
575 1504 681 1550 defendunt,

60 1569 104 1603 tunc
111 1569 185 1603 tautum
194 1565 255 1605 efficax
263 1577 302 1601 esse
310 1564 398 1611 fatentur,
407 1577 450 1602 cum
456 1565 534 1602 “nullus
542 1565 617 1602 omnino
626 1565 682 1613 scrip·

60 1626 169 1675 totaequalis
176 1626 206 1663 vel
218 1637 283 1675 suppar
292 1628 366 1674 praestat
377 1625 527 1671 testimoninmss'
540 1625 572 1661 ubi
583 1629 645 1661 autem
653 1625 682 1662 vel

60 1687 125 1735 plnres,
139 1687 168 1723 vel
181 1686 237 1723 etiam
250 1698 298 1722 unus
314 1688 398 1731 testatur,
412 1685 449 1722 dici
464 1697 503 1721 non
518 1688 579 1733 potest
592 1685 682 1721 “nullum

61 1746 134 1784 omuino
150 1746 276 1784 testimouium
292 1745 398 1794 prestarell
428 1745 487 1783 Causa
501 1744 558 1793 igitur
572 1748 636 1783 nostra
648 1745 683 1782 hoc

62 1810 188 1855 argumentum
196 1806 272 1845 minime
280 1806 367 1844 admittit.
384 1806 429 1844 Non
437 1805 487 1844 enim
494 1809 568 1845 tantum
576 1804 682 1852 Eusebium,

28 1914 30 1919 Ι
63 1868 92 1915 qui
100 1868 149 1905 intra
157 1869 244 1905 ducentos
253 1871 295 1917 post
307 1867 378 1905 obitum
386 1867 455 1916 Ignatii
464 1880 520 1903 annos
528 1866 578 1912 vixit,
587 1867 654 1912 floruit,
664 1871 683 1903 et

55 1928 155 1977 -presbyter
165 1929 205 1974 fuit,
214 1928 376 1976 locupletissimum
388 1931 454 1964 testem
464 1927 558 1972 habemus,
567 1926 598 1962 sed
611 1930 629 1962 et
640 1929 683 1962 ante

63 1998 104 2022 eum
116 1988 171 2024 etiam
179 1988 201 2024 ab
209 1989 250 2036 ipsa
261 1987 370 2023 sanctissimi
380 1987 468 2035 Martyris
480 1986 563 2034 passione
576 1985 683 2033 complures.

64 2046 82 2083 S.
91 2047 201 2097 Polycarpus
214 2048 247 2085 has
261 2047 309 2096 ipsas
323 2046 420 2095 Epistolas,
435 2058 474 2083 non
489 2046 533 2082 alias
549 2048 581 2082 ant
598 2044 683 2090 diversas,

64 2106 126 2145 eodem
134 2121 170 2158 quo
178 2109 249 2158 scriptae
258 2111 300 2146 sunt
309 2120 357 2146 anno
366 2107 444 2157 collegit,
453 2106 515 2153 edidit,
524 2106 626 2156 posteritati
634 2118 683 2143 com-

63 2167 164 2206 mendavit:
183 2173 204 2206 ut
217 2169 257 2206 fuse
271 2167 368 2217 probatum
381 2171 415 2204 est.
440 2167 493 2204 Philo
507 2171 526 2204 et
538 2166 651 2216 Agatbdpus,
661 2166 684 2203 B.

64 2225 131 2273 Ignatii
144 2241 165 2266 ex
182 2230 235 2279 Syria
247 2229 323 2267 comites
336 2228 357 2265 in
367 2228 419 2266 Actis
432 2228 514 2277 proximo
528 2240 576 2265 anno
591 2227 649 2272 editis,
662 2230 684 2263 ut

64 2285 138 2332 videtur,
150 2290 253 2337 Epistolam
265 2290 288 2325 ad
298 2291 390 2325 Romanos
401 2292 550 2325 commemorant,
576 2289 595 2323 S.
602 2287 683 2322 nenaeus

64 2355 102 2381 non
113 2347 185 2387 aliunde
197 2362 252 2398 quam
264 2361 287 2386 ex
299 2349 362 2386 eadem
375 2348 457 2396 Epistola
469 2347 560 2394 insignem
573 2345 684 2382 sententiam

65 2405 180 2455 transcripsit
208 2410 227 2447 S.
234 2408 349 2457 Theophilus,
358 2406 461 2445 Antioohiae
471 2406 577 2455 Episcopus,
590 2407 622 2442 eut
634 2408 684 2443 certe

65 2468 115 2502 vetus
123 2467 193 2507 Auctor
206 2466 301 2507 SjBasilio
313 2468 377 2514 dictus,
391 2466 472 2517 ejusdem
484 2466 550 2513 saeculi,
561 2465 615 2503 aliam
628 2465 684 2503 etiam

66 2528 174 2565 sententiam
187 2543 209 2566 ex
221 2530 302 2578 Epistola
317 2528 341 2565 ad
352 2528 440 2576 Ephesios
456 2531 551 2564 mutuatus
565 2531 597 2563 est.
622 2527 684 2569 Tertio

66 2584 129 2621 saeculo
144 2587 233 2636 Origenes
247 2588 328 2626 eandem
340 2587 487 2625 commemoravit
502 2586 574 2636 juvenis
588 2586 652 2632 adhuc,
666 2589 685 2631 et

66 2641 118 2680 aliam
128 2658 149 2684 ex
157 2649 240 2697 Epistola
248 2650 271 2697 ad
280 2651 373 2697 Romanos
383 2649 431 2686 idem
440 2661 494 2687 senex
503 2649 596 2697 excerpsit,
606 2660 626 2686 ac
632 2651 685 2693 *utro*
