1747 2957
191 184 227 220 332
380 194 508 225 intueremur
521 196 626 224 auoiirmnn

189 285 251 334 jicere,
267 287 297 335 qui
314 296 353 325 ab.
370 288 404 326 107
419 289 511 337 scripsisse
525 288 637 337 perhibetur,
655 292 673 324 et
689 288 813 335 phantasticos

191 346 291 382 damnasse.
317 347 348 384 dn
361 359 382 384 ex
395 347 444 385 illius
452 348 538 397 Epistolis
546 347 615 396 liquere
623 347 689 396 potuit,
699 350 737 383 tam
746 359 813 396 pramo-

192 419 236 455 quos
247 406 367 446 Marcionitas
379 409 440 456 fuisse,
451 413 473 446 ut
482 413 579 457 antequam
591 409 610 445 S.
620 408 701 445 loannes
711 407 813 456 Epistolam

192 468 269 517 scripsit,
282 482 313 507 eos
325 471 415 508 exstitisse
432 475 543 520 compertum
558 470 594 506 sit?
620 469 651 506 An
666 469 715 518 quod
728 460 813 518 ignatius

192 530 247 566 morti
255 530 325 568 vicinus
333 535 416 569 moneret
425 531 537 569 Christianos
549 534 571 568 ut
584 530 618 567 sibi
628 533 712 567 caverent
721 530 743 567 ab
752 529 774 566 iis
783 530 813 578 qui

192 589 257 627 falsam
270 590 371 628 doctrinam
383 591 403 627 in
416 591 497 628 Ecclesia
509 603 593 640 spargere
606 594 652 628 tuno
661 590 748 639 temporis
760 602 815 637 cona-

192 650 266 697 bantur,
279 650 323 688 inde
336 652 443 689 concludere
456 653 516 701 potuit
529 652 651 690 Tertullianus
665 659 695 689 eos
709 650 772 689 eadem
786 654 814 688 tot

193 712 245 749 annis
262 716 304 749 ante
322 712 416 749 docuisse?
442 713 497 750 “Sed
513 726 573 762 neque
587 714 636 760 hic,''
653 713 718 762 iuquit,
737 715 814 761 “neque

192 773 263 821 uspiam
275 774 295 809 iu
308 776 347 810 toto
361 776 424 810 contra
436 773 550 811 Marcionem
565 775 630 821 Opere,
642 774 712 822 Ignatii
724 773 814 819 meminit,

192 833 245 880 cujus
259 836 298 869 tam
314 833 378 870 multae
394 833 481 880 legrmtur
498 833 582 869 adversus
597 833 711 869 Marcionica
726 833 815 881 figmenta

192 891 306 930 sententiar
331 893 376 930 Non
389 892 474 931 meminit
482 893 555 943 qiiidem
567 894 642 942 Ignatii,
652 894 683 942 qui
695 893 763 931 nullius
776 906 815 931 me-

193 954 257 999 minit,
276 954 296 991 in
306 957 345 1004 toto
359 958 423 992 contra
436 955 550 992 Marcionem
564 956 624 1002 Opere
634 966 658 991 ne
672 967 730 991 uuum
742 954 815 1004 quidem

193 1014 340 1053 Ecclesiastioum
349 1015 455 1065 scriptorem
464 1015 520 1053 citat:
538 1016 641 1065 Scripturis,
647 1016 752 1060 traditione,
760 1015 816 1054 ratio-

139 1094 141 1096 ·
193 1076 248 1112 nibus
259 1081 335 1125 pugnat,
347 1081 366 1112 et
379 1077 452 1125 quidem
461 1076 584 1125 ignatianis⁸;
600 1088 634 1113 nec
643 1088 665 1114 en
673 1076 747 1127 ignatio
756 1076 815 1113 nomi-

193 1137 251 1174 natim
260 1137 370 1174 sententiam
378 1137 458 1186 aliquam
467 1148 500 1174 nec
509 1148 531 1173 en
540 1136 574 1173 alio
583 1136 667 1185 quopiam
676 1136 766 1174 describit.
794 1137 815 1173 Si

194 1197 278 1246 ignatius
291 1197 382 1247 Epistulas
392 1197 433 1236 ideo
445 1210 483 1235 non
496 1198 588 1246 scripsisse
601 1197 687 1235 dicendus
701 1201 740 1243 est,
754 1211 817 1235 omnes

195 1259 250 1295 etiam
257 1259 301 1296 iibri
309 1259 341 1308 qui
349 1258 417 1308 aliquid
424 1259 510 1308 preclare
519 1265 582 1296 contra
590 1259 722 1297 Marcionicam
731 1259 817 1296 Haeresiu

196 1320 289 1357 continere
300 1320 421 1369 reperiuntur,
430 1320 488 1368 spurii
501 1323 520 1356 et
534 1319 655 1357 commentitii
669 1320 754 1357 censendi
767 1324 816 1357 sunt

196 1380 317 1416 Tertullianus
332 1392 369 1416 non
385 1382 458 1416 tantum
473 1379 493 1415 iu
508 1379 547 1420 hoc,
562 1379 594 1415 sed
609 1379 629 1415 iu
643 1383 682 1415 toto
698 1380 745 1427 quod
758 1383 817 1416 exstat

197 1440 262 1488 Opere,
270 1439 339 1476 nullam
352 1453 433 1488 unquam
446 1439 556 1476 sententiam
568 1452 591 1475 en
603 1440 640 1475 ullo
654 1441 746 1488 Scriptore
754 1440 817 1476 Eccle-

196 1500 268 1538 siastico
279 1500 357 1538 totidem
365 1499 425 1538 verbis
437 1499 512 1537 nomine
525 1499 580 1552 citato
593 1500 688 1548 excerpsit.
714 1500 817 1537 Barnabam

195 1560 283 1607 nominat,
297 1560 328 1597 sed
341 1564 362 1597 ut
376 1564 468 1598 auctorem
481 1559 568 1608 Epistulae
581 1561 604 1597 ad
616 1560 710 1605 Hebraeos,
720 1573 760 1607 quae
768 1573 818 1597 nunc

196 1622 215 1658 S.
224 1621 277 1658 Pauli
286 1620 371 1658 creditur.
400 1620 489 1659 Hermam
499 1619 550 1667 citat,
562 1632 617 1669 quem
629 1632 679 1657 nunc
690 1623 712 1657 ut
725 1620 818 1657 authenti-

195 1694 238 1718 cum
255 1681 341 1728 admittit,
355 1694 405 1719 nune
421 1686 443 1718 ut
461 1682 584 1731 apocryphum
601 1681 678 1730 despuit.
705 1682 818 1719 Clementem

195 1742 258 1779 laudat
274 1746 295 1779 ut
312 1744 375 1780 Romae
388 1742 505 1791 Episcopum,
519 1754 557 1779 non
570 1745 591 1779 ut
604 1741 691 1791 Epistola
705 1741 817 1791 scriptorem.

196 1802 309 1841 Christianos
323 1803 391 1852 aliquot
406 1803 438 1839 Ad
451 1801 693 1853 Grates,11pa''naaaaae
709 1803 820 1850 “Opuscula

196 1863 316 1908 condidisse?
326 1863 376 1909 dicit,
385 1851 481 1899 neminem
493 1862 581 1899 nominat.
608 1862 708 1909 Oujnsdam
716 1863 755 1898 haec
764 1862 820 1899 verba

196 1923 273 1960 recitare
287 1922 364 1970 videtur,
379 1922 489 1962 “Quoniam
502 1923 576 1972 quidem
590 1923 699 1972 desponsata
713 1926 740 1960 est
752 1922 818 1971 Maria,

196 1984 263 2021 idcirco
272 1989 290 2021 et
299 1985 321 2022 ab
331 1985 407 2033 angelo,
418 1989 436 2021 et
444 1985 467 2022 ab
472 1985 560 2032 Apostolo
569 1984 665 2021 mulierem
673 1985 819 2032 pronuntiatam:

197 2045 304 2093 desponsata
316 2045 366 2082 enim
378 2044 510 2093 quodammodo
522 2043 613 2094 raptat-'⁵
632 2045 663 2082 sed
674 2058 698 2082 an
707 2046 773 2094 scripta
781 2047 820 2083 fue-

198 2104 236 2140 rint
248 2117 286 2140 non
298 2105 356 2148 docet,
365 2105 431 2151 etipsa
440 2106 573 2142 afferttantum
586 2111 607 2142 ut
619 2107 692 2142 refutet.
719 2106 819 2149 lustinum,

199 2164 295 2207 Irenaeum,
305 2162 415 2207 Miltiadem,
428 2162 527 2199 Proculum
540 2163 595 2199 semel
607 2164 696 2209 nominat,
711 2177 755 2212 qiios
770 2168 788 2200 et
802 2176 821 2200 se

199 2224 250 2273 sequi
266 2223 356 2273 professus
374 2227 408 2260 est.
440 2223 508 2260 Praeter
524 2224 558 2260 lios
575 2223 612 2268 ille,
630 2223 662 2271 qui
678 2224 821 2272 quamplurimos

199 2285 307 2331 Haereticos,
324 2284 412 2322 ducentos
430 2296 477 2333 pene
493 2284 582 2321 Ethmcos
603 2284 671 2329 laudat,
688 2285 782 2322 nemiuem
799 2300 821 2323 ex

199 2345 316 2392 scriptoribus
333 2345 465 2381 Ecclesiasticis
486 2344 580 2381 nominare
599 2344 684 2393 dignatus
702 2349 741 2383 est:
763 2349 782 2382 et
799 2359 821 2383 en

217 2433 291 2468 ⁰Locum,
304 2443 332 2470 quo
344 2434 418 2470 lgnatinm
432 2434 497 2462 'imitatus
521 2434 732 2472 -aldullalentcapauriii,
746 2436 822 2466 Aliumlo·

198 2474 219 2501 cst
232 2471 332 2505 ¹tertullianus,
348 2472 403 2501 indicat
419 2471 498 2500 Pearsouus
522 2472 713 2509 eramusmaerore.
721 2472 821 2503 nitrien.

198 2511 214 2540 in
227 2510 270 2540 Notis
285 2511 303 2540 ad
315 2510 361 2547 Epist
375 2510 431 2547 Smpru.
444 2510 497 2547 capii.
522 2510 547 2539 rii.
554 2512 567 2545 3,
573 2511 653 2547 refragante
660 2511 718 2547 quidem
725 2511 823 2547 Onretouain

198 2548 256 2585 Λέγουσι
269 2549 285 2577 τὸ
299 2551 344 2577 δοκεῖν
356 2550 400 2579 aaa
414 2548 497 2584 πεπονθέναι,
523 2548 595 2578 Vindiciis
602 2549 656 2585 suiap.
663 2550 685 2584 57,
695 2550 720 2578 sed
729 2550 823 2579 confirmante

198 2586 370 2617 reformatorem
390 2588 425 2616 “Ita
437 2587 497 2623 omnia,'¹
521 2596 567 2624 nuper
580 2586 616 2616 Viro
629 2586 674 2616 Docto
687 2587 703 2616 in
718 2587 780 2618 censura
793 2589 823 2618 rri-

198 2625 323 2660 ait'l'ertulliauus,
329 2626 357 2654 “iu
364 2626 434 2661 imagines
441 2627 496 2662 urgent,
522 2626 577 2662 inostri,
584 2625 668 2661 <dammam
676 2625 740 2664 Roaiam)
747 2628 793 2657 clxxv.
799 2629 822 2657 86,

198 2664 240 2700 plane
250 2666 264 2692 ct
274 2664 301 2699 ipsi
311 2664 393 2700 imaginarii
402 2663 495 2692 (iluistiaui.n
540 2663 575 2691 ‘Dc
582 2663 642 2691 voiana
649 2663 691 2698 Virg.
702 2673 731 2700 cap.
738 2665 757 2693 vi,
