1679 2935
111 186 163 241 ‘xxiv
342 197 426 226 uarroms
437 196 530 225 rumano

121 283 207 332 respexit.
233 284 258 321 Iu
266 284 359 323 Rhetoric.
372 286 404 323 lib.
414 285 439 323 iii.
448 287 466 323 2.
475 281 505 322 Π.
530 279 745 326 Voxillaest,silleno-

122 345 212 394 phontem
229 345 330 392 audiamus
344 346 365 383 in
379 359 434 396 quani
448 359 472 383 ne
487 343 576 382 terrestris
591 341 664 391 quidem
678 340 745 376 mihtin

123 406 170 444 bene
185 407 269 444 ordinata
284 408 396 457 pr·orumpit;
418 408 486 445 nedum
503 406 586 444 coelestis.
612 405 636 441 In
652 401 744 450 Agesilao,
772 418 774 423 ·

125 467 230 515 eap.ii.12‚
242 467 314 517 ,κραυγὴ
331 468 364 515 plu
381 467 454 516 οὐδεμία
470 469 535 517 παρῆν,
553 464 616 503 aab
643 464 663 500 Si
681 464 745 500 Sacros

125 527 226 574 Scriptores
239 528 328 573 consulas,
343 528 404 565 LXX.
415 529 527 576 Interpretes
536 528 625 572 usurpant
635 523 658 559 de
668 523 746 558 elamore

108 617 114 621 .
127 586 253 633 Sodomorum,
269 587 315 625 Gen.
328 586 421 634 rviiistO,
435 589 469 634 21,
486 587 509 625 de
523 586 600 625 clamore
613 583 690 633 AEgypti
704 584 746 631 post

125 647 196 685 cladem
209 647 378 697 primogenitorum,
393 649 451 686 Exod.
463 649 487 686 xi.
497 649 514 684 6.
541 645 641 691 sranius,
657 657 699 690 cum
713 643 746 689 ira,

125 707 258 756 indignatione,
273 713 292 746 et
308 705 427 758 blasphemia,
444 711 492 746 inter
509 708 578 746 Christi
596 706 674 743 cultores
691 704 747 742 etiam

126 769 224 806 clamorem
232 772 286 806 vetat.
300 769 347 818 aph.
356 770 380 807 iu.
390 771 419 807 31.
434 770 471 809 (aui
479 770 501 807 de
509 781 552 807 voce
562 768 636 818 Syriaca
644 766 746 815 exquirunt,

126 830 142 866 si
154 830 176 865 ad
185 829 293 866 Versionem
301 830 344 867 Vct.
353 831 402 867 Novi
411 830 523 867 Testamenti
529 832 632 878 provocant,
641 841 678 865 uno
688 840 747 865 exem-

125 896 161 944 plo,
178 894 287 944 Apocalyps.
305 894 340 933 xxi.
358 896 376 941 4,
394 895 438 933 satis
458 895 567 943 perspicient
585 880 650 945 ibic,
661 891 748 941 (Trostius

126 955 186 999 vertit,
194 955 222 990 eia
229 955 308 1001 pesclum
314 954 327 1002 ‚l
337 954 385 990 inter
394 954 483 991 coelicolas
491 966 585 1002 nunquam
594 953 658 990 audiri.

151 1014 229 1051 Interim
237 1028 323 1051 mancum
333 1014 464 1064 Epitomatoris
471 1016 531 1052 locum
538 1015 572 1051 Vir
579 1013 695 1052 Reverendus
702 1013 748 1050 miro

127 1074 181 1112 modo
190 1075 302 1112 dissimulat:
312 1076 418 1124 “Quicquid
424 1076 506 1121 volunt,’'
514 1076 545 1119 ait,
555 1076 610 1111 “haee
618 1075 654 1111 tria
662 1070 749 1122 mysteria

127 1135 216 1181 clamoris,
225 1132 313 1172 connexio
322 1139 350 1172 est
357 1136 406 1172 inter
414 1135 539 1184 virginitatem
545 1135 616 1181 Mariae,
623 1139 685 1171 ortum
693 1134 748 1171 Dom.

128 1195 199 1242 Nostri,
212 1201 231 1233 et
244 1195 315 1233 stellam
327 1195 389 1244 Magis
400 1197 548 1246 praelucentem.”
574 1196 641 1233 Itane?
668 1195 713 1232 Haec
727 1199 750 1231 ut

128 1256 229 1302 credamus,
243 1256 330 1303 scriptum
342 1269 381 1293 esse
393 1256 478 1303 oportuit,
489 1253 560 1292 ’'Eande
568 1254 600 1292 τὸυ
611 1253 706 1305 ἄρχοντα.
717 1282 720 1290 .
731 1282 749 1291 ..

127 1316 138 1365 ἡ
148 1315 238 1367 raptata
246 1315 326 1366 Μαρίας,
336 1315 367 1354 καί
377 1315 386 1353 ὁ
398 1318 429 1354 τοῦ
439 1315 508 1367 Κυρίου
520 1315 597 1363 τοκετὸς,
611 1314 675 1364 ὁμοίως
688 1314 708 1352 δὲ
720 1314 751 1353 καὶ

126 1376 136 1414 ὁ
146 1375 210 1426 ἀστήρ.
236 1376 262 1413 At
271 1377 321 1414 aliud
329 1377 375 1414 dixit
385 1379 449 1426 Syrus,
455 1389 521 1424 nempe
530 1373 566 1413 triu
574 1378 663 1424 mysteria,
674 1388 750 1424 quorum

129 1436 205 1474 tertium
218 1441 267 1474 certe
279 1436 332 1474 nobis
345 1437 463 1474 divinandum
475 1436 554 1485 reliquit,
568 1451 580 1473 c
592 1433 648 1482 stella,
658 1436 695 1473 sive
704 1431 752 1484 apud

129 1498 203 1543 stellam,
211 1496 250 1534 sive
259 1511 270 1534 ο
279 1498 334 1541 latere
342 1498 402 1543 atellae,
412 1489 476 1542 lzpbua
489 1516 515 1553 ρὰ
524 1499 562 1547 «Ξ,
571 1497 625 1545 suctu
638 1509 679 1534 aare.
706 1498 751 1535 Hace

129 1558 219 1602 cohaerere
235 1569 273 1593 non
289 1570 340 1605 posse
357 1570 411 1593 nemo
428 1571 464 1594 nou
482 1558 536 1594 videt.
565 1558 679 1606 Quocunque
697 1558 750 1595 modo

129 1617 200 1654 stellam
213 1630 264 1653 suam
276 1617 347 1665 operari
359 1617 456 1654 crediderit
471 1618 532 1667 Syrus,
546 1618 632 1655 nonfuit
646 1618 700 1655 stella
712 1617 751 1666 ipsa

130 1677 243 1726 mysterium,
251 1677 283 1714 sed
292 1678 364 1725 signum
372 1679 506 1726 mysteriorum.

153 1738 195 1775 Hac
206 1737 263 1786 igitur
276 1735 381 1775 velitatione
393 1751 459 1787 parum
472 1751 557 1787 prospere
570 1739 623 1785 inita,
637 1741 714 1775 ventum
728 1739 751 1776 ad

129 1800 206 1836 triarios.
232 1799 286 1836 Acies
300 1799 374 1847 Syriaca
388 1799 444 1835 alium
460 1799 573 1847 primipilum
590 1802 639 1835 certe
654 1798 752 1836 admodum

131 1859 223 1907 efflagitat.
235 1889 236 1892 ,
248 1860 284 1903 Eu,
298 1860 360 1906 Eques
373 1872 392 1895 se
404 1859 457 1895 nobis
471 1859 529 1895 offert.
556 1860 596 1904 Ille,
611 1860 664 1896 docet
676 1872 710 1896 nos
719 1860 752 1896 Vir

131 1918 254 1963 severendus,
272 1918 376 1966 “proponit
394 1922 416 1954 ut
431 1918 572 1967 probabiliorem
588 1919 692 1965 lectionem,
711 1918 753 1969 τρίο

131 1976 224 2028 μυστήρια
235 1977 306 2028 ἐυορτγῆ,
317 2004 320 2013 .
330 2006 334 2014 .
345 2007 349 2014 .
360 2006 364 2014 .
374 1976 427 2015 ίίτινυ
438 1978 530 2028 ἐκηρύχθη
543 1980 568 2028 τῷ
577 1977 645 2028 ἀστέρι.
651 1980 663 1998 '’
690 1980 726 2016 Sed
734 1985 752 2017 et

131 2041 197 2089 ipsum,
211 2042 252 2075 tum
265 2038 339 2086 Ignatii,
352 2043 392 2075 tum
405 2039 486 2076 Testium
503 2043 521 2076 et
534 2040 657 2088 Interpretum
672 2041 753 2077 omnium

132 2101 257 2139 Correctorem
266 2099 315 2137 adire
323 2099 393 2147 placeat
398 2098 409 2137 i.
642 2103 644 2106 ’

157 2158 245 2207 Inprimis
262 2160 364 2206 confitetur,
382 2160 430 2209 quod
451 2160 530 2209 primum
547 2165 579 2206 est,
593 2162 664 2210 Syrum
681 2162 753 2199 incaute

132 2219 267 2269 praetermisisse
281 2219 385 2266 clausulam,
400 2219 464 2268 ὁμοίως
477 2219 508 2258 cal
521 2219 530 2257 ὁ
545 2219 622 2261 θάνατος
633 2223 665 2258 τοῦ
679 2221 752 2274 Κυρίου

132 2283 195 2329 Negat
208 2281 258 2316 huno
272 2280 332 2317 locum
347 2282 384 2319 ullo
399 2284 453 2321 modo
467 2283 490 2320 ad
507 2295 580 2320 carmen
597 2284 710 2331 Angelorum
726 2297 753 2321 re-

134 2342 226 2391 spexisse:
248 2341 283 2378 hoc
302 2343 407 2380 seeundum,
438 2344 465 2381 At
486 2356 521 2392 quo
543 2344 603 2380 minus
623 2344 754 2382 confessionem
782 2391 784 2394 ι

132 2402 238 2446 absolveret,
250 2401 333 2439 obstabat
347 2404 416 2440 Genius
430 2405 461 2440 ille
473 2404 549 2442 Critices
558 2404 690 2452 Diplomatiea,
700 2418 754 2453 quem
770 2450 773 2454 p

133 2464 216 2510 impense
225 2461 273 2498 colit.

159 2519 279 2571 “Mcorrlprc
291 2524 389 2572 apavpalsj'
404 2524 429 2560 ait
437 2524 471 2561 Vir
482 2525 567 2571 Illustris,
577 2527 588 2545 “
595 2525 754 2575 Hyper-orientale
773 2573 775 2575 v

188 2641 191 2659 ¹
201 2640 240 2670 Vide
246 2641 274 2670 Die
280 2641 311 2670 ‹lrei
317 2633 378 2678 lla-liter,
385 2643 414 2672 und
421 2644 444 2673 die
451 2645 481 2674 rier
488 2645 563 2674 Untichten
569 2623 620 2682 Bricle,
627 2647 652 2675 etc.
659 2654 673 2683 p.
679 2647 700 2674 91.
