1679 2935
228 198 252 225 aa
265 194 405 224 osmorroumus
417 194 525 223 unsarans.
653 188 687 223 191

66 291 97 327 ille
110 290 141 337 qui
152 287 242 325 Miltiadis
251 284 341 331 meminit,
350 285 399 322 idem
413 284 437 330 sit
451 285 483 334 qui
494 284 570 322 tradidit
578 285 690 322 Montanum

67 355 85 388 et
97 349 219 386 Maximillam
232 346 328 396 suspendio
341 347 398 383 vitam
409 346 482 383 finiisse.
510 347 555 383 Haec
564 347 690 395 Hieronymus
748 356 751 360 ’

67 412 128 458 itaque
141 422 163 445 ex
176 421 208 445 suo
222 408 297 444 addidit.
312 408 373 445 Nam
386 408 434 456 quod
448 408 525 445 Gravius
538 420 570 456 pro
585 407 691 444 “Rhodano

66 469 215 519 Apollinarium''
228 469 279 516 legit,
288 482 322 506 nec
331 468 473 517 erroremtollit,
482 480 516 505 nec
525 468 638 517 Hieronymo
648 481 690 504 con-

67 531 122 576 venit,
136 530 167 578 qui
181 529 289 567 Rhodonem
303 533 314 550 “
319 522 441 578 composuisse
446 530 458 549 ”
472 530 498 566 ait
512 530 623 566 “adversum
637 530 691 566 Cata-

68 592 146 640 phrygas
155 590 227 639 insigne
236 590 299 639 opusss’
325 590 353 628 Ut
366 589 433 639 aliquid
444 590 466 627 dc
476 593 557 638 tempore
565 595 633 636 notem,
644 590 691 638 quod

49 700 50 703 Ἴ
67 650 153 700 praesenti
159 651 186 688 rei
193 651 251 700 magis
257 650 348 697 conuenit,
356 650 480 700 Hieronymus
488 650 508 687 in
516 650 609 699 Catalogo,
618 650 691 699 cap.38.

68 725 106 750 voc.
116 713 205 759 Clemens,
211 714 250 750 haec
256 713 316 750 habet.
331 714 412 750 “Exstat
417 704 517 750 Alexandri
523 712 691 761 Hierosolymorum

68 773 158 822 Episcopi,
168 774 200 822 qui
211 786 253 811 cum
261 775 347 811 Narcisso
360 780 423 822 postea
435 774 482 810 rexit
494 773 600 817 Ecclesiam,
611 773 693 820 Epistola

69 845 123 882 super
136 834 249 871 ordinatione
261 833 373 883 Asclepiadis
386 832 492 871 confessoris
504 833 527 870 ad
540 832 690 871 Antiochenses.”
751 829 752 832 ’

70 890 128 932 Quasi
135 894 240 932 Alexander
248 900 279 932 aut
288 896 457 944 Hierosolymorum
463 895 562 944 Episcopus
571 895 625 931 suerit
633 894 692 944 prius-

70 969 125 1005 quam
138 969 180 993 cum
191 957 278 994 Narcisso
289 956 389 994 Ecclesiam
403 960 479 1005 regeret,
494 960 526 992 aut
538 956 639 1004 Epistolam
651 959 691 991 tum

70 1016 161 1064 scriberet,
175 1031 217 1055 eum
232 1018 401 1068 Hierosolymorum
414 1017 515 1066 Episcopus
528 1020 585 1054 esset:
604 1029 650 1061 earn,
663 1017 692 1053 in*

67 1090 130 1126 quam,
139 1079 240 1125 Epistulam
249 1090 303 1126 quam
311 1090 344 1126 per
350 1078 464 1114 Clementem
470 1076 615 1113 Alexandrinum
623 1076 693 1112 misisse
723 1066 725 1070 ¹

67 1150 89 1175 se
103 1137 197 1186 significat,
212 1138 243 1187 qui
257 1141 299 1174 ante
311 1138 441 1186 Episcopatum
453 1138 491 1186 ejus
506 1136 693 1186 Hierosolymitanum
727 1139 729 1144 ⁴

67 1203 153 1236 mortuus
169 1199 240 1237 videtur
257 1212 300 1236 esse,
326 1200 397 1236 Mirum
411 1199 468 1247 igitur
481 1199 556 1236 omnino
572 1211 611 1236 non
627 1202 660 1244 est,
678 1198 694 1235 si

56 1276 57 1279 ¹
72 1260 196 1309 Hieronymus
206 1260 320 1297 'sententiam
332 1260 402 1308 Ignatii
415 1260 438 1297 ab
451 1260 521 1297 lrenaeo
535 1260 608 1297 citatam
621 1272 643 1297 ex
655 1260 693 1297 Eu-

72 1321 121 1357 sebio
130 1322 243 1368 depromens,
252 1321 273 1357 in
280 1324 362 1368 tempore
371 1325 402 1357 aut
411 1320 504 1357 occasione
513 1324 585 1357 erraret.
606 1320 693 1357 Quinimo
702 1327 759 1369 (Rarum

70 1379 95 1416 ,de
108 1379 146 1428 ipso
161 1380 235 1427 Ignatio
249 1393 288 1416 non
301 1380 359 1428 magis
375 1383 458 1416 accurate
472 1380 567 1429 loquitur3
585 1392 628 1416 cum
644 1365 764 1437 enimgfflgssff

72 1440 162 1488 Epistolas
171 1441 193 1477 ab
202 1453 223 1477 eo
233 1441 316 1489 Smyrnae
328 1441 403 1489 scriptas
416 1444 578 1486 commemorasset,
588 1442 600 1460 “
605 1443 623 1476 et
631 1440 692 1486 ind'eJ’
701 1438 763 1493 lenatia

72 1500 137 1548 inquit,
148 1501 259 1549 “egrediens
268 1501 338 1550 scripsit
347 1502 370 1538 ad
378 1502 516 1549 Philadelpheos
525 1501 576 1538 etad
585 1491 692 1550 smyrnaeos,
699 1477 773 1515 loquitur.)

73 1565 91 1597 et
104 1561 175 1609 proprie
190 1561 213 1598 ad
227 1562 354 1610 Polycarpum,
363 1562 498 1599 ‘commendans
510 1562 539 1598 illi
550 1562 694 1598 Antiochensem

72 1622 190 1658 Ecclesiam.’'
217 1622 303 1659 Crederes
312 1621 407 1670 ignatium
415 1622 448 1659 has
456 1623 546 1671 Epistolas
555 1623 583 1659 vel
592 1635 602 1659 e
612 1624 694 1671 Smyrnae

74 1681 165 1728 suburbia,
178 1683 206 1720 uel
221 1696 232 1719 a
244 1683 308 1730 primo,
321 1687 353 1719 aut
366 1682 445 1719 secundo
459 1682 519 1731 lapide
533 1683 633 1731 scripsisse:
647 1683 695 1732 quod

73 1742 122 1778 enim
131 1743 171 1791 quis
181 1743 291 1790 “egrediens
298 1743 310 1761 ’'
319 1742 383 1779 fecisse
391 1743 463 1790 dicitur,
471 1743 492 1778 id
503 1742 524 1778 in
534 1743 573 1792 ipso
586 1755 661 1791 egressu
667 1744 696 1780 vel

74 1815 115 1840 eum
131 1804 247 1850 egrederetur
260 1805 351 1852 peregisse
366 1804 496 1852 intelligendus
510 1804 586 1841 videtur¹
613 1804 648 1841 Sed
663 1805 696 1840 has

74 1863 164 1911 Epistolas
172 1864 261 1910 ignatius,
271 1868 292 1901 ut
300 1865 395 1909 Eusebius,
409 1877 420 1900 a
433 1876 468 1911 quo
481 1864 520 1900 haec
532 1864 596 1900 habuit
605 1864 695 1912 Hierony-

74 1935 120 1969 mus,
134 1927 152 1960 et
164 1923 251 1972 Epistolae
263 1924 306 1973 ipsae
318 1923 416 1970 testantur,
425 1924 494 1961 Troade
503 1923 581 1972 scripsit,
590 1924 614 1961 ad
622 1936 696 1972 quama

76 1984 155 2033 Smyrna
171 1983 240 2033 aliquot
257 1984 327 2022 dierum
343 1984 379 2022 iter
395 1983 441 2030 fuit;
460 1983 521 2034 ibique
536 1984 642 2034 aliquandiu
656 1998 696 2034 per·

75 2045 142 2082 mansit
158 2045 249 2093 ignatius,
267 2049 285 2082 et
303 2046 325 2082 de
341 2046 428 2094 pacatiori
444 2046 547 2083 Antiochiae
563 2049 612 2082 statu
629 2046 697 2095 aliquid

75 2105 149 2151 audivit,
170 2106 276 2154 priusquam·
294 2107 393 2154 Polycarpo
415 2107 576 2144 “Antiochensem
596 2107 697 2143 Ecclesiam

76 2165 228 2202 commendarit3’
253 2167 298 2203 Non
314 2170 342 2203 est
357 2166 414 2213 igitur
435 2170 467 2218 aut
484 2166 648 2203 abbreu'ationibus
665 2170 697 2203 aut

76 2226 244 2273 exaggerationibus
259 2226 367 2275 Hieronymi
384 2228 483 2272 fidendum,
498 2227 531 2263 ubi
545 2229 634 2265 Auctores
649 2228 697 2275 ipsos

76 2283 168 2331 habemus,
178 2286 283 2334 quasillum
291 2290 373 2323 secutum
382 2299 421 2323 esse
430 2290 507 2323 constat.

100 2343 131 2382 Ad
139 2345 187 2384 Acta
200 2346 286 2396 Martyrii
300 2346 347 2396 qnod
362 2347 433 2393 attinet,
444 2360 482 2384 non
495 2347 527 2383 illa
537 2351 579 2383 sunt
591 2359 635 2394 quae,
644 2349 697 2384 aetate
705 2352 789 2386 Recenttora

78 2404 97 2441 S,
104 2405 171 2443 Ireurei
182 2408 283 2453 exstabant,
295 2407 326 2444 sed
336 2409 372 2444 alia
379 2408 432 2456 plane
441 2411 491 2444 sexto
503 2408 531 2444 uel
545 2408 621 2455 septimo
633 2408 698 2445 saeculo
705 2392 789 2466 ξξξῗὲῗζ

77 2463 124 2506 ficta,
133 2471 151 2502 et
160 2468 245 2505 fabulosis
253 2469 387 2511 narrationibus
396 2472 460 2514 aricta3
470 2461 535 2515 qrnlaus
544 2468 639 2515 Ignatium
647 2469 699 2516 quasi
705 2468 747 2501 naui,
754 2455 784 2499 sex*-

78 2521 98 2558 in
104 2523 244 2573 Amphitheatro
250 2530 355 2579 loquentem
363 2529 487 2574 introducunt,
494 2541 548 2576 quem
555 2541 579 2565 ne
587 2541 646 2565 arnum
654 2533 699 2566 tunc
706 2507 785 2574 pppplppp

77 2582 153 2620 uerbum
169 2587 235 2630 dixisse
252 2590 378 2639 antiquissima
394 2590 442 2627 Acta
462 2601 505 2626 narr
529 2592 542 2626 t.
573 2588 627 2627 Illius
643 2581 772 2628 iuitin⁰⁰¹¹fi⁰lh

100 2640 103 2648 .
144 2643 147 2650 .
226 2650 230 2657 ,
434 2652 437 2658 Ι
506 2651 535 2657 Α,
650 2619 661 2640 0
707 2619 777 2657 distingui

78 2641 164 2681 Hlstonae
178 2649 261 2688 conditor
269 2652 368 2690 sententias
378 2652 451 2700 ignatio
460 2664 511 2701 quasi
519 2664 560 2690 vaira
567 2664 610 2689 voce
621 2652 700 2701 prolatas
707 2662 763 2696 oportet
769 2661 796 2690 ab,
