1747 2957
209 223 247 265 234
359 230 432 259 ausura
443 229 553 262 laureanus
564 228 685 257 namuurum

210 320 263 361 toriae
275 321 407 361 Ecclesiasticae
420 323 441 361 in
456 322 504 360 illius
522 321 576 359 rebus
592 319 700 358 enarrandis
710 319 821 373 consumpsit
827 336 833 366 ;

211 384 251 433 ejus
259 384 315 423 libros
324 397 371 434 saepe
379 385 402 423 ad
414 384 508 422 historiam
520 382 577 433 ipsius
586 381 714 420 illustrandam
723 381 804 426 advocat,
815 384 834 419 et

212 445 257 491 quid
270 447 292 482 de
302 446 354 482 libris
366 447 384 482 S.
393 446 490 494 Scriptura
503 444 584 489 senserit,
594 456 649 492 quam
662 443 684 478 de
692 442 784 491 Apostolis
796 445 834 478 tra-

212 504 302 542 ditionem
315 510 408 555 acceperat
423 508 506 545 enarrat:
526 516 568 542 eum
581 507 644 541 tamen
656 515 752 551 nunquam
767 505 835 539 testem

212 565 296 603 adhibuit
309 565 332 603 ad
345 565 405 602 ullum
417 566 563 615 Apostolicorum
575 565 654 603 virorum
668 563 757 612 scriptum
769 563 834 600 confir-

211 626 305 664 mandum.
331 628 392 665 Quare
402 630 463 664 autem
471 640 509 665 non
516 627 537 664 in
544 626 618 676 Ignatio
627 639 668 664 eum
677 625 774 670 omitteret,
781 637 835 673 quem

211 687 232 723 in
245 687 329 724 omuibus
342 687 382 723 aliis
395 687 469 725 omisit?
495 689 553 736 neges
567 701 611 736 quas
622 688 661 736 ipse
672 687 695 724 ad
708 685 835 723 discernendos

212 747 373 795 dijudicandosque
381 751 464 783 veterum
475 747 532 785 libros
540 749 610 794 fixerat,
619 748 649 785 bic
661 747 715 796 plane
726 746 835 795 penitusque

211 806 313 845 observavit
319 820 327 854 3,
347 804 434 857 ἀρχαίους
451 807 520 846 scilicet
536 806 663 859 κεχρημένους,
680 808 800 859 Polycarpum
817 810 838 843 et

211 867 304 905 Irenaeum
312 868 417 905 nominavit.
433 869 487 905 Sarta
494 869 556 918 itaque
561 873 611 906 tecta
617 873 646 906 est
652 869 727 906 Eusebii
736 868 835 917 diligentia,

212 929 261 966 salva
268 928 366 977 prudentia
378 933 433 977 atque
444 929 545 978 judicium:
558 929 619 967 nullus
628 929 658 967 hic
667 942 722 975 error,
731 929 783 966 nulla
791 926 836 966 osci-

212 989 264 1034 tatio,
273 989 324 1025 nulla
335 989 458 1034 hallucinatio,
469 1001 513 1036 quas
522 989 602 1026 Dallaeus
614 989 653 1026 sine
666 988 704 1025 ullo
716 988 836 1025 fundamento

212 1052 252 1086 eam
264 1048 363 1085 liberaliter
375 1048 462 1086 Historia
475 1048 606 1086 Ecclesiasticae
616 1048 668 1086 Patri
681 1048 751 1086 tribuit.
778 1049 837 1085 Nullo

213 1109 293 1158 denique
305 1109 359 1147 modo
369 1109 482 1147 testimoniis
498 1123 519 1147 ex
533 1110 612 1159 Origene
625 1110 719 1160 productis
731 1109 838 1160 praejudicat

213 1171 289 1209 hlusebii
297 1171 406 1210 silentium⁹¹
420 1171 501 1210 Aliunde
508 1171 557 1209 enim
563 1171 607 1209 satis
617 1176 666 1210 certo
674 1172 758 1210 novimus
766 1175 837 1208 utram·

215 1245 250 1280 que
257 1232 292 1269 hcc
301 1233 351 1282 Opus
360 1245 399 1271 esse
407 1245 449 1271 vere
458 1233 581 1282 Origenicum.
607 1232 752 1271 Commentarios
760 1232 782 1269 in
790 1232 838 1270 (lan-

214 1293 273 1330 tieum
281 1293 399 1331 (leuticorum
411 1294 502 1343 scripsisse
514 1298 592 1331 testatur
605 1295 624 1332 S.
635 1294 734 1343 Gregorius
742 1294 839 1343 Nyssenus

215 1354 235 1390 in
241 1355 337 1391 Prooemio.
362 1353 387 1391 El
395 1353 414 1391 δὲ
422 1356 454 1390 τοῦ
462 1353 565 1405 ’optatam
574 1353 677 1404 φιλοπόνως
685 1353 727 1406 περὶ
735 1354 756 1391 τὸ
761 1355 839 1400 βυβλίου

169 1430 173 1433 ⁴
216 1414 269 1452 τοῦτο
280 1412 419 1456 σπουδάσαντος
432 1414 463 1453 eal
476 1415 528 1463 ἡμεῖς
540 1417 602 1464 τγροφῇ
616 1414 728 1466 πυροδοῦυνυ
741 1414 772 1452 τὸν
784 1413 840 1452 πόνου

216 1473 268 1523 ἡμῶν
275 1474 430 1526 προεθυμήθημεν,
438 1474 539 1523 &archelao
545 1475 612 1526 μηδείς,
627 1477 678 1520 occa
685 1477 701 1514 el
710 1489 748 1515 cara
756 1477 840 1525 Orlpeaes

214 1538 312 1584 plarlaaaaa
327 1538 393 1574 labaris
407 1541 425 1574 el
439 1538 494 1574 stada
509 1538 529 1574 la
543 1539 588 1574 barac
604 1538 680 1574 libellam
697 1537 794 1583 coatalerll,
809 1549 840 1574 raes

217 1609 283 1644 quoqne
296 1597 343 1644 qaod
355 1609 366 1634 ο
378 1597 428 1634 aelle
439 1601 465 1634 ecl
475 1598 583 1634 elaboratam
595 1598 653 1634 la'tera'c
665 1597 750 1633 aaadare
763 1598 841 1633 laleater

216 1657 337 1701 rtalaealaaac,
353 1669 403 1693 aeaco
419 1669 451 1693 aree
467 1661 547 1694 accacet..
570 1657 615 1694 Hoc
625 1658 681 1707 Opus
692 1657 740 1706 quod
753 1656 842 1694 habemus

178 1750 180 1752 .
217 1730 281 1754 eorum
295 1720 367 1767 partem
382 1729 420 1757 esse
435 1722 485 1755 extra
498 1730 571 1755 omnem
582 1718 723 1756 controversiam
736 1720 813 1766 ponunt,
823 1721 841 1755 et

218 1778 299 1827 Nysseni
308 1779 487 1828 erpositioccnsona,
497 1781 552 1816 etres
559 1779 603 1829 ipsa,
613 1783 631 1816 et
640 1779 771 1828 Fragmentum
779 1779 842 1817 Graec

219 1840 352 1878 in'l'hilccalia
365 1845 497 1886 conseruatnm,
510 1844 529 1877 et
541 1840 644 1878 Gassiodon¹
658 1841 680 1877 de
693 1841 767 1878 Ruffino
781 1841 842 1877 Inter·

220 1905 271 1949 prete
279 1901 412 1938 testimouium.
438 1901 508 1947 Pariter
517 1900 663 1938 Homffiasias.
673 1901 742 1937 Lucam
750 1900 843 1948 scripsisse

221 1962 320 2010 Origeuem
334 1965 404 1998 certum
421 1965 458 2006 est„
472 1961 521 2009 quod
537 1964 556 1997 et
570 1972 600 1997 eas
616 1960 655 2008 ipse
670 1960 734 1997 laudet
748 1961 808 1997 Tomis
822 1960 843 1997 in

221 2020 331 2059 Matthaeum
340 2025 361 2060 et
368 2022 463 2069 loannem,
477 2025 496 2059 et
508 2024 586 2059 testetur
598 2021 723 2072 Hieronymus
736 2022 759 2059 ad
767 2021 843 2060 Paulam

222 2086 241 2118 et
249 2083 375 2119 Eustochium,
401 2083 543 2121 “Quamobrem
554 2082 625 2132 petistis
635 2087 656 2120 ut
665 2082 774 2131 contemptis
782 2082 843 2120 istius-

222 2142 272 2180 modi
286 2142 340 2191 nugis
355 2143 424 2181 saltem.
433 2143 509 2190 triginta
522 2146 540 2180 et
554 2156 620 2180 nouem
634 2143 740 2180 Adamantii
752 2144 810 2181 nostri
825 2144 844 2180 in

222 2204 292 2239 Lucem
310 2202 406 2247 Homilias,
423 2203 470 2239 siout
486 2203 507 2239 in
523 2203 587 2239 Graeco
602 2203 699 2249 habentur,
716 2203 843 2252 interpr'eter.”

222 2263 266 2312 Ipse
274 2266 336 2300 autem
343 2262 379 2300 boc
387 2274 407 2299 se
415 2261 477 2299 fecisse
484 2262 548 2299 asserit
552 2278 558 2307 J
568 2262 656 2300 habemus
662 2263 746 2311 Origeuis
753 2264 844 2302 Homillas

222 2337 245 2363 eu
252 2322 406 2373 interpretatione
412 2322 523 2373 Hieronymi
529 2323 576 2361 sicut
584 2324 605 2361 in
614 2325 677 2363 Graeco
685 2324 805 2364 habebantur.

130 2402 165 2431 ron
173 2398 216 2428 credi.
248 2387 304 2425 Leria
314 2387 354 2423 haec
367 2388 410 2422 sunt
421 2397 458 2434 prae
469 2385 492 2422 iis
502 2397 542 2435 quae
554 2390 660 2434 sequuntur.
686 2387 782 2425 Hicenim
794 2399 845 2425 error

130 2436 277 2486 bileesfflll'einins
294 2447 370 2485 Eusebii
386 2450 446 2484 totam
462 2446 561 2484 Ecclesiam
576 2446 645 2485 Christi
657 2447 757 2497 occupavit,
773 2448 844 2486 infecit.

241 2553 247 2565 ⁰
257 2549 341 2585 narseus,
347 2554 393 2584 quum
402 2545 420 2575 de
426 2544 499 2574 Dallaeano
505 2546 520 2574 at
544 2545 565 2576 ait
574 2546 592 2576 ab
603 2546 664 2583 Origene
676 2545 756 2584 deceptum,
775 2545 845 2576 Adversa-

223 2587 319 2623 nauoqaraao
335 2585 420 2622 argumento
435 2584 519 2620 desperaret,
543 2584 573 2613 rios
584 2584 667 2621 hujusmodi
679 2585 715 2613 satie
727 2587 749 2613 est
762 2584 844 2613 iudicasse:

222 2624 305 2662 videretque
315 2624 355 2654 nullo
367 2622 410 2653 modo
420 2621 470 2660 negari
480 2630 520 2660 posse
544 2621 607 2653 refellere
614 2624 651 2653 certe
658 2631 752 2660 supervacuus
759 2622 808 2653 labor:

223 2664 290 2699 Origeuis
296 2663 379 2692 testimonia
385 2661 444 2690 Eusebii
450 2661 467 2688 ob
474 2662 521 2690 oculos
545 2663 553 2678 ‘¹
559 2661 593 2691 Non
602 2661 682 2697 ragioniam
693 2661 709 2690 di
720 2662 746 2698 lor,
756 2670 780 2691 ma
791 2660 846 2698 guarda

223 2704 279 2733 versata
284 2701 331 2738 fuisse,
338 2701 366 2732 alta
372 2701 395 2731 uia
401 2707 439 2735 usus,
444 2697 521 2739 Eusebium
529 2724 531 2726 .
582 2700 649 2738 epassa.¹'
