1747 2957
187 197 223 233 272
374 204 501 234 raouunnrou
514 202 620 231 unonrrrou

165 326 167 329 Α
187 294 266 332 diaconis
278 294 301 332 ab
313 294 335 331 iis
348 308 389 345 quse
397 294 456 332 vidrris
468 291 603 343 precipimur.
628 289 654 326 At
664 288 755 326 distinctae
763 294 807 328 sunt

188 368 274 403 personae,
287 359 319 393 aut
332 357 395 402 officia,
408 356 472 404 quibus
485 355 555 390 diversa
566 354 656 400 praecepta
668 349 806 388 demandantur.

187 416 268 465 Agnovit
277 417 334 465 igitur
342 417 426 455 Clemens
434 412 566 453 Aleranthinus
575 424 615 449 eam
624 422 715 448 sacrorum
724 410 808 448 ordinum

188 476 339 521 distributionem,
348 478 399 525 cujus
411 488 464 512 usum
473 473 553 522 agnoscit
562 472 673 516 Blondellus,
683 470 768 508 divinitus
776 483 808 519 per

187 536 284 586 Apostolos
292 537 346 575 fuisse
352 536 460 574 institutam.
473 562 474 565 =

213 599 259 635 Haec
266 599 350 635 Clemens
359 612 381 635 ex
389 598 472 635 Pantaeni
481 597 552 642 Schola,
561 609 583 633 or
589 593 688 633 Clementis
696 592 760 629 eadem
767 592 807 630 Ori-

188 670 248 706 genes.
275 658 305 694 Sic
313 657 363 694 enim
370 658 402 694 ille
408 657 480 706 juvenis
489 657 548 693 adhuc
557 655 625 693 Homil.
634 654 671 691 xiii.
680 653 700 689 in
708 654 726 691 S.
732 653 807 690 Lucam.

188 719 209 753 Si
217 718 302 753 audacter
315 718 385 764 eapecu
398 719 445 765 loqui
457 718 590 763 Scriptururunr
602 727 671 752 seruans
680 715 763 762 sequenti,
774 726 808 761 per

186 777 265 823 siupulas
281 777 372 822 Ecclesiae
390 777 426 812 bini
442 779 484 811 sicut
498 776 588 822 Episcopi,
603 777 649 811 alius
665 775 744 819 piabilis,
763 775 808 809 alius

186 836 284 882 iricisibilis,
294 836 324 872 itte
332 837 377 873 uisui
386 836 450 881 carnis,
460 836 489 872 iic
497 836 555 871 sensui
561 837 632 882 patens.
658 835 683 870 Et
691 845 759 879 rursus,
768 834 808 881 Epo

182 901 227 944 puto
236 898 311 934 inueniri
319 898 371 934 sirnul
375 910 428 945 posse
436 900 453 934 et
459 897 542 944 ‚unpcl‘nrn
550 900 568 933 et
576 897 661 941 torniuern
667 895 808 942 borrosEcciesio

186 958 289 1005 Episcopus,
298 957 316 994 at
324 956 450 1005 puoclunrnrodo
458 955 510 993 unius
520 958 578 1003 operis
586 969 623 993 esse
629 956 735 1003 participes.
748 953 750 957 ’
759 956 809 997 Quos
833 957 835 959 ’
873 945 874 954 ’

187 1031 225 1054 curu
233 1020 260 1054 itu
268 1020 297 1062 sit,
302 1019 385 1065 petamus
393 1019 526 1064 ornnipmtentern
534 1018 596 1061 Dauni,
605 1021 625 1053 ut
633 1017 698 1063 Anpeli
706 1020 723 1052 er
731 1011 808 1052 leoninas

186 1077 307 1114 Ecclesiaruui
313 1078 398 1126 Episcopi
406 1078 505 1126 adjumento
513 1078 550 1113 sint
557 1077 612 1123 euobis,
618 1080 635 1112 et
643 1077 719 1112 scianius
727 1076 809 1123 quonian

185 1138 255 1186 utrique
260 1150 294 1186 pro
303 1138 373 1175 azotu-a
381 1139 456 1175 Donriuo
462 1138 571 1186 predicentur.
598 1138 644 1176 Quae
653 1139 701 1173 certe
709 1148 754 1184 pura
762 1140 807 1185 puta

187 1203 229 1236 sunt
241 1200 342 1248 Origenicu,
355 1203 376 1237 ut
384 1200 413 1251 tle
426 1200 507 1237 Auctore
519 1200 585 1236 harum
595 1198 718 1236 Homilianim
728 1197 808 1235 dubitari

186 1272 225 1296 uon
245 1261 306 1308 possit.
333 1261 378 1298 Haec
400 1255 461 1297 autem
481 1272 503 1296 ea
521 1272 573 1296 serrsu
589 1259 722 1306 Scriptururuna
743 1257 807 1295 habuit

187 1319 280 1367 Origenes,
291 1323 313 1356 ut
325 1319 364 1368 ipsc
376 1321 481 1368 profitetur:
495 1331 517 1355 ex
529 1318 602 1355 illarum
612 1318 668 1366 igitur
682 1317 764 1354 doctrina
776 1331 807 1366 ag·-

186 1379 244 1416 noscit
252 1379 272 1416 in
281 1379 356 1427 singulis
367 1379 452 1417 Ecclesiis
465 1391 523 1416 amum
535 1378 628 1416 hominem
636 1377 724 1425 visibilem
732 1378 807 1426 Episco-

185 1453 235 1489 pum.
262 1440 314 1477 Idcru
323 1440 405 1478 Homiliu
413 1441 454 1478 xvii.
469 1440 520 1477 Sicut
528 1440 574 1476 arsin
582 1438 741 1475 abEcclesiusticis
750 1439 807 1487 dipni-

185 1501 251 1536 tatibus
265 1501 369 1546 neusciam
379 1500 477 1547 fornicatio
492 1501 524 1535 sed
538 1504 555 1535 et
567 1501 632 1546 nruotire
643 1500 740 1546 repeliunt:
754 1512 808 1546 neque

186 1560 231 1597 enini
239 1560 343 1607 Episcopus,
352 1572 384 1597 uec
388 1560 488 1608 presbyter,
497 1571 529 1596 nec
538 1561 626 1602 diaconus,
635 1570 667 1595 iaec
675 1559 729 1595 uirluu
733 1563 809 1606 possunt

186 1633 223 1657 esse
232 1620 309 1669 stipanti:
323 1621 349 1658 sic
354 1619 435 1669 forsitan
443 1624 460 1658 et
469 1620 490 1657 rie
499 1623 544 1658 coetu
548 1620 680 1669 prirnitiuorurn
688 1619 808 1657 iruniacuiato·

185 1694 258 1730 ruurpue
276 1682 366 1729 Ecclesia,
385 1695 421 1730 prro
438 1695 473 1718 non
490 1682 541 1718 naon
558 1682 645 1718 rnrrcuiarn
666 1693 720 1728 neque
740 1692 808 1729 rupuar,

186 1743 266 1788 ejicietur
279 1743 370 1789 elipantus:
385 1756 420 1778 non
433 1755 465 1789 quo
479 1744 498 1777 iu
511 1743 689 1777 aeternuna'rnittatur
702 1742 808 1785 ircccrulirun,

186 1803 218 1839 sert
230 1814 262 1849 puo
272 1805 344 1849 purteru
353 1815 391 1848 ,nou
404 1802 467 1839 aaran
480 1803 500 1838 iu
512 1814 565 1849 rcpuo
574 1802 614 1838 Dei.
640 1801 686 1840 (luis
699 1804 760 1838 autem
771 1814 810 1838 non

187 1861 249 1898 statim
262 1860 311 1898 ridet
327 1861 367 1898 haec
384 1862 439 1898 etiam
454 1875 492 1898 esso
505 1867 547 1898 vere
561 1860 671 1908 Origenioa?
698 1859 733 1896 His
748 1864 809 1897 cirtem

187 1922 280 1971 Origenes,
298 1922 346 1972 quod
367 1923 390 1960 ad
405 1922 540 1970 Ecclesiasticus
561 1922 658 1971 dignitates
679 1921 750 1968 attinet,
769 1922 809 1959 Gle-

187 1988 268 2021 montem
280 1988 409 2032 praeceptorem
426 1997 479 2021 suum
496 1983 583 2032 sequitru',
597 1988 616 2020 ct
628 1987 716 2032 tanquam
733 1987 810 2031 qriatuor

189 2043 267 2080 diversos
276 2048 375 2090 enumerat,
382 2045 415 2081 uni
424 2045 497 2093 quidem
505 2045 525 2081 in
533 2044 567 2082 hac
576 2045 694 2093 repraeoepto
700 2044 809 2092 Apostolico,

190 2104 221 2139 sed
235 2104 332 2150 separatim
344 2105 418 2148 tradito,
432 2106 526 2152 subjectas.
553 2107 583 2142 Ita
594 2106 662 2152 ipsein
671 2105 810 2142 Commentariis

190 2162 213 2199 ad
221 2162 333 2199 Matthaeum
342 2162 466 2200 difficultatem
475 2163 546 2211 qrrcesiti
557 2162 604 2201 naret
612 2162 644 2210 τὴν
653 2164 684 2201 τοῦ
692 2162 811 2202 Ἀποστόλου

189 2221 231 2274 περὶ
240 2223 276 2259 τῶν
284 2220 455 2269 Ἐναληὲτοαστιαῶν
463 2221 576 2273 πραγμάτων
587 2222 693 2271 νομοθεσίαν
705 2225 773 2262 solvere
782 2238 811 2262 eo-

189 2287 249 2321 uatur.
276 2284 384 2322 Quamhoc
392 2284 446 2321 modo
454 2284 543 2332 proponit,
557 2283 627 2322 Οὐδένα
639 2283 674 2335 γὰρ
687 2287 723 2324 τῶν
735 2284 772 2324 ἀπὸ
780 2287 812 2332 τῆς

190 2343 304 2389 Ἐκαλησίας
317 2342 465 2394 ὑπεροχήντινα
478 2342 529 2393 propat
543 2344 583 2384 τοὺς
596 2344 678 2385 πολλοὺς
693 2344 716 2384 (ὃς
732 2344 750 2381 ἐν
765 2361 812 2392 cop·-

191 2403 256 2450 βόλοις
264 2403 376 2454 ἀνειληφότα
384 2405 473 2450 ponuat
485 2402 494 2439 ὁ
505 2404 580 2444 Παῦλος
593 2404 675 2455 δευτέρου
688 2405 813 2455 πεπειρᾶσθαι

191 2463 263 2513 'papan'
281 2464 311 2500 En
323 2464 347 2502 iis
361 2465 407 2502 caira
420 2465 450 2513 pui
460 2464 545 2500 Ecclesia
557 2477 618 2502 aionien
632 2465 717 2502 dederunt
729 2466 814 2504 ricuinus

192 2528 222 2574 qui
235 2527 339 2574 dipnituteru
351 2529 429 2575 ntiquom
441 2539 481 2575 pru
494 2528 554 2563 rnriltis
568 2529 618 2575 puasi
631 2529 650 2564 in
663 2528 745 2575 spniboiis
755 2528 813 2575 firerit

192 2590 298 2633 corrsecutus,
315 2588 384 2624 Parcius
400 2588 486 2624 sacrandas
502 2589 572 2634 nuptias
589 2592 679 2636 enperturn
695 2588 754 2635 fuisso
764 2589 812 2625 'cuit
834 2621 835 2625 ,

187 2649 240 2685 llum
251 2660 293 2685 vero
305 2650 326 2685 ut
339 2649 423 2686 ostendat
435 2660 512 2696 omnem>
517 2648 602 2697 Ecclesiae
610 2649 718 2699 dignitatem
726 2649 770 2687 huic
778 2648 814 2696 legi
