<?xml version="1.0" encoding="UTF-8"?>
<!DOCTYPE html PUBLIC "-//W3C//DTD XHTML 1.0 Transitional//EN"
    "http://www.w3.org/TR/xhtml1/DTD/xhtml1-transitional.dtd">
<html xmlns="http://www.w3.org/1999/xhtml" xml:lang="en" lang="en">
 <head>
  <title>
</title>
<meta http-equiv="Content-Type" content="text/html;charset=utf-8" />
  <meta name='ocr-system' content='tesseract 3.04.00' />
  <meta name='ocr-capabilities' content='ocr_page ocr_carea ocr_par ocr_line ocrx_word'/>
</head>
<body>
  <div class='ocr_page' id='page_1' title='image "MN41843ucmf_1_0286.png"; bbox 0 0 1747 2957; ppageno 0'>
   <div class='ocr_carea' id='block_1_1' title="bbox 172 196 648 233">
    <p class='ocr_par' dir='ltr' id='par_1_1' title="bbox 172 196 648 233">
     <span class='ocr_line' id='line_1_1' title="bbox 172 196 648 233; baseline -0.002 -2"><span class='ocrx_word' id='word_1_1' title='bbox 172 196 214 233; x_wconf 64' lang='lat'>232,</span> <span class='ocrx_word' id='word_1_2' title='bbox 322 204 395 233; x_wconf 80' lang='lat' dir='ltr'>nussam</span> <span class='ocrx_word' id='word_1_3' title='bbox 407 204 517 233; x_wconf 79' lang='lat' dir='ltr'>iucroaivss</span> <span class='ocrx_word' id='word_1_4' title='bbox 528 202 648 232; x_wconf 78' lang='lat' dir='ltr'>armannus.</span> 
     </span>
    </p>
   </div>
   <div class='ocr_carea' id='block_1_2' title="bbox 86 295 858 2703">
    <p class='ocr_par' dir='ltr' id='par_1_2' title="bbox 86 295 804 1253">
     <span class='ocr_line' id='line_1_2' title="bbox 173 295 798 344; baseline -0.005 -10"><span class='ocrx_word' id='word_1_5' title='bbox 173 296 278 335; x_wconf 73' lang='lat' dir='ltr'>meminisse</span> <span class='ocrx_word' id='word_1_6' title='bbox 294 298 352 344; x_wconf 87' lang='lat' dir='ltr'>nolit;</span> <span class='ocrx_word' id='word_1_7' title='bbox 372 299 451 337; x_wconf 81' lang='lat' dir='ltr'>uthina</span> <span class='ocrx_word' id='word_1_8' title='bbox 468 298 536 336; x_wconf 83' lang='lat' dir='ltr'>seilicet</span> <span class='ocrx_word' id='word_1_9' title='bbox 550 298 645 334; x_wconf 74' lang='lat' dir='ltr'><strong>credamus</strong></span> <span class='ocrx_word' id='word_1_10' title='bbox 660 296 729 333; x_wconf 90' lang='lat' dir='ltr'>bonum</span> <span class='ocrx_word' id='word_1_11' title='bbox 745 295 798 332; x_wconf 88' lang='lat' dir='ltr'>illum</span> 
     </span>
     <span class='ocr_line' id='line_1_3' title="bbox 174 350 797 408; baseline -0.003 -14"><span class='ocrx_word' id='word_1_12' title='bbox 174 358 234 395; x_wconf 88' lang='lat' dir='ltr'>virmn</span> <span class='ocrx_word' id='word_1_13' title='bbox 248 364 288 396; x_wconf 85' lang='lat' dir='ltr'>tam</span> <span class='ocrx_word' id='word_1_14' title='bbox 303 360 357 397; x_wconf 80' lang='lat' dir='ltr'>facile</span> <span class='ocrx_word' id='word_1_15' title='bbox 372 373 392 398; x_wconf 94' lang='lat' dir='ltr'>ac</span> <span class='ocrx_word' id='word_1_16' title='bbox 409 350 447 398; x_wconf 85' lang='lat' dir='ltr'>tam</span> <span class='ocrx_word' id='word_1_17' title='bbox 460 359 537 408; x_wconf 84' lang='lat' dir='ltr'>turpiter</span> <span class='ocrx_word' id='word_1_18' title='bbox 552 358 610 407; x_wconf 81' lang='lat' dir='ltr'>decipi</span> <span class='ocrx_word' id='word_1_19' title='bbox 626 370 646 394; x_wconf 90' lang='lat' dir='ltr'>ac</span> <span class='ocrx_word' id='word_1_20' title='bbox 660 356 698 394; x_wconf 81' lang='lat' dir='ltr'>labi</span> <span class='ocrx_word' id='word_1_21' title='bbox 712 356 797 406; x_wconf 89' lang='lat' dir='ltr'>potuisse.</span> 
     </span>
     <span class='ocr_line' id='line_1_4' title="bbox 175 416 797 470; baseline -0.005 -15"><span class='ocrx_word' id='word_1_22' title='bbox 175 420 246 456; x_wconf 84' lang='lat' dir='ltr'>Verum</span> <span class='ocrx_word' id='word_1_23' title='bbox 254 421 340 468; x_wconf 81' lang='lat' dir='ltr'>prudens,</span> <span class='ocrx_word' id='word_1_24' title='bbox 348 421 416 470; x_wconf 79' lang='lat' dir='ltr'>opinor,</span> <span class='ocrx_word' id='word_1_25' title='bbox 423 421 462 458; x_wconf 77' lang='lat' dir='ltr'>baec</span> <span class='ocrx_word' id='word_1_26' title='bbox 469 424 481 441; x_wconf 88' lang='lat'>“</span> <span class='ocrx_word' id='word_1_27' title='bbox 486 420 587 469; x_wconf 75' lang='lat' dir='ltr'>sphalmata</span> <span class='ocrx_word' id='word_1_28' title='bbox 592 419 602 435; x_wconf 90' lang='lat'>&#39;&#39;</span> <span class='ocrx_word' id='word_1_29' title='bbox 612 418 684 455; x_wconf 83' lang='lat' dir='ltr'>silentio</span> <span class='ocrx_word' id='word_1_30' title='bbox 693 416 797 465; x_wconf 75' lang='lat' dir='ltr'>suppressit,</span> 
     </span>
     <span class='ocr_line' id='line_1_5' title="bbox 176 475 799 527; baseline -0.006 -12"><span class='ocrx_word' id='word_1_31' title='bbox 176 480 225 527; x_wconf 87' lang='lat' dir='ltr'>quod</span> <span class='ocrx_word' id='word_1_32' title='bbox 240 481 317 517; x_wconf 82' lang='lat' dir='ltr'>adrem</span> <span class='ocrx_word' id='word_1_33' title='bbox 333 481 407 518; x_wconf 89' lang='lat' dir='ltr'>omnino</span> <span class='ocrx_word' id='word_1_34' title='bbox 423 493 461 518; x_wconf 91' lang='lat' dir='ltr'>non</span> <span class='ocrx_word' id='word_1_35' title='bbox 475 475 561 517; x_wconf 80' lang='lat' dir='ltr'>facerent.</span> <span class='ocrx_word' id='word_1_36' title='bbox 588 478 608 515; x_wconf 83' lang='lat' dir='ltr'>Si</span> <span class='ocrx_word' id='word_1_37' title='bbox 622 478 723 515; x_wconf 78' lang='lat' dir='ltr'><strong>Auctorem</strong></span> <span class='ocrx_word' id='word_1_38' title='bbox 739 476 799 512; x_wconf 87' lang='lat' dir='ltr'>ullum</span> 
     </span>
     <span class='ocr_line' id='line_1_6' title="bbox 176 537 799 591; baseline -0.005 -14"><span class='ocrx_word' id='word_1_39' title='bbox 176 539 264 587; x_wconf 85' lang='lat' dir='ltr'>Veterem</span> <span class='ocrx_word' id='word_1_40' title='bbox 274 540 371 578; x_wconf 88' lang='lat' dir='ltr'>nominare</span> <span class='ocrx_word' id='word_1_41' title='bbox 383 546 449 591; x_wconf 81' lang='lat' dir='ltr'>posset,</span> <span class='ocrx_word' id='word_1_42' title='bbox 455 553 513 591; x_wconf 70' lang='lat' dir='ltr'>rquem</span> <span class='ocrx_word' id='word_1_43' title='bbox 525 539 614 578; x_wconf 80' lang='lat' dir='ltr'>Eusebius</span> <span class='ocrx_word' id='word_1_44' title='bbox 628 539 707 588; x_wconf 80' lang='lat' dir='ltr'>agnovit,</span> <span class='ocrx_word' id='word_1_45' title='bbox 716 541 735 575; x_wconf 88' lang='lat' dir='ltr'>ct</span> <span class='ocrx_word' id='word_1_46' title='bbox 748 537 799 586; x_wconf 80' lang='lat' dir='ltr'>cujus</span> 
     </span>
     <span class='ocr_line' id='line_1_7' title="bbox 177 599 800 648; baseline -0.003 -11"><span class='ocrx_word' id='word_1_47' title='bbox 177 602 304 640; x_wconf 82' lang='lat' dir='ltr'>auctoritatem</span> <span class='ocrx_word' id='word_1_48' title='bbox 312 603 422 640; x_wconf 66' lang='lat' dir='ltr'>testimoniis</span> <span class='ocrx_word' id='word_1_49' title='bbox 431 603 508 640; x_wconf 89' lang='lat' dir='ltr'>aliorum</span> <span class='ocrx_word' id='word_1_50' title='bbox 516 603 643 640; x_wconf 86' lang='lat' dir='ltr'>confirmatum</span> <span class='ocrx_word' id='word_1_51' title='bbox 651 600 690 647; x_wconf 75' lang='lat' dir='ltr'>ivit,</span> <span class='ocrx_word' id='word_1_52' title='bbox 698 599 728 648; x_wconf 85' lang='lat' dir='ltr'>qui</span> <span class='ocrx_word' id='word_1_53' title='bbox 735 602 800 647; x_wconf 85' lang='lat' dir='ltr'>postea</span> 
     </span>
     <span class='ocr_line' id='line_1_8' title="bbox 177 658 800 709; baseline -0.005 -11"><span class='ocrx_word' id='word_1_54' title='bbox 177 662 239 699; x_wconf 80' lang='lat' dir='ltr'>Fictor</span> <span class='ocrx_word' id='word_1_55' title='bbox 252 663 334 700; x_wconf 85' lang='lat' dir='ltr'>detectus</span> <span class='ocrx_word' id='word_1_56' title='bbox 346 667 380 709; x_wconf 73' lang='lat' dir='ltr'>est,</span> <span class='ocrx_word' id='word_1_57' title='bbox 390 667 421 700; x_wconf 89' lang='lat' dir='ltr'>aut</span> <span class='ocrx_word' id='word_1_58' title='bbox 429 664 458 700; x_wconf 91' lang='lat' dir='ltr'>vel</span> <span class='ocrx_word' id='word_1_59' title='bbox 470 663 490 699; x_wconf 90' lang='lat' dir='ltr'>in</span> <span class='ocrx_word' id='word_1_60' title='bbox 503 663 578 709; x_wconf 89' lang='lat' dir='ltr'>dubium</span> <span class='ocrx_word' id='word_1_61' title='bbox 587 664 671 699; x_wconf 84' lang='lat' dir='ltr'>vocatus:</span> <span class='ocrx_word' id='word_1_62' title='bbox 685 659 752 708; x_wconf 83' lang='lat' dir='ltr'>aliquid</span> <span class='ocrx_word' id='word_1_63' title='bbox 761 658 800 708; x_wconf 86' lang='lat' dir='ltr'>qui-</span> 
     </span>
     <span class='ocr_line' id='line_1_9' title="bbox 178 719 804 770; baseline -0.006 -8"><span class='ocrx_word' id='word_1_64' title='bbox 178 723 219 762; x_wconf 82' lang='lat' dir='ltr'>dem</span> <span class='ocrx_word' id='word_1_65' title='bbox 239 722 312 767; x_wconf 85' lang='lat' dir='ltr'>diceret,</span> <span class='ocrx_word' id='word_1_66' title='bbox 330 723 378 770; x_wconf 89' lang='lat' dir='ltr'>quod</span> <span class='ocrx_word' id='word_1_67' title='bbox 399 735 441 760; x_wconf 89' lang='lat' dir='ltr'>eum</span> <span class='ocrx_word' id='word_1_68' title='bbox 459 726 487 759; x_wconf 85' lang='lat' dir='ltr'>“a</span> <span class='ocrx_word' id='word_1_69' title='bbox 503 722 612 759; x_wconf 87' lang='lat' dir='ltr'>temeritatis</span> <span class='ocrx_word' id='word_1_70' title='bbox 633 725 652 758; x_wconf 90' lang='lat' dir='ltr'>et</span> <span class='ocrx_word' id='word_1_71' title='bbox 668 719 804 758; x_wconf 82' lang='lat' dir='ltr'>inverecundiae.</span> 
     </span>
     <span class='ocr_line' id='line_1_10' title="bbox 86 779 801 830; baseline 0.006 -17"><span class='ocrx_word' id='word_1_72' title='bbox 86 787 144 815; x_wconf 72' lang='lat' dir='ltr'>austun</span> <span class='ocrx_word' id='word_1_73' title='bbox 178 781 271 824; x_wconf 78' lang='lat' dir='ltr'>orimine‚¹&#39;</span> <span class='ocrx_word' id='word_1_74' title='bbox 281 784 302 817; x_wconf 90' lang='lat' dir='ltr'>ut</span> <span class='ocrx_word' id='word_1_75' title='bbox 310 781 349 828; x_wconf 88' lang='lat' dir='ltr'>ipse</span> <span class='ocrx_word' id='word_1_76' title='bbox 357 781 444 828; x_wconf 65' lang='grc'><strong>1011111111,</strong></span> <span class='ocrx_word' id='word_1_77' title='bbox 454 781 576 818; x_wconf 82' lang='lat' dir='ltr'>“liberaret.&#39;’.</span> <span class='ocrx_word' id='word_1_78' title='bbox 601 782 641 830; x_wconf 82' lang='lat' dir='ltr'>Ego</span> <span class='ocrx_word' id='word_1_79' title='bbox 649 794 692 819; x_wconf 82' lang='lat' dir='ltr'>vero</span> <span class='ocrx_word' id='word_1_80' title='bbox 701 779 801 818; x_wconf 77' lang='lat' dir='ltr'>Eusebium</span> 
     </span>
     <span class='ocr_line' id='line_1_11' title="bbox 86 824 801 899; baseline -0.001 -21"><span class='ocrx_word' id='word_1_81' title='bbox 86 824 170 899; x_wconf 46' lang='lat' dir='ltr'>gffissgsslfffia:</span> <span class='ocrx_word' id='word_1_82' title='bbox 177 843 230 878; x_wconf 89' lang='lat' dir='ltr'>tanta</span> <span class='ocrx_word' id='word_1_83' title='bbox 238 840 332 890; x_wconf 78' lang='lat' dir='ltr'>diligentia</span> <span class='ocrx_word' id='word_1_84' title='bbox 340 845 428 890; x_wconf 87' lang='lat' dir='ltr'>tantoque</span> <span class='ocrx_word' id='word_1_85' title='bbox 440 842 509 890; x_wconf 80' lang='lat' dir='ltr'>judicio</span> <span class='ocrx_word' id='word_1_86' title='bbox 522 842 542 878; x_wconf 91' lang='lat' dir='ltr'>in</span> <span class='ocrx_word' id='word_1_87' title='bbox 555 841 680 878; x_wconf 77' lang='lat' dir='ltr'>examinandis</span> <span class='ocrx_word' id='word_1_88' title='bbox 690 840 801 878; x_wconf 80' lang='lat' dir='ltr'>Christiano-</span> 
     </span>
     <span class='ocr_line' id='line_1_12' title="bbox 177 901 802 952; baseline -0.002 -13"><span class='ocrx_word' id='word_1_89' title='bbox 177 915 220 940; x_wconf 93' lang='lat' dir='ltr'>rum</span> <span class='ocrx_word' id='word_1_90' title='bbox 236 902 327 950; x_wconf 82' lang='lat' dir='ltr'>primaevae</span> <span class='ocrx_word' id='word_1_91' title='bbox 344 902 465 951; x_wconf 65' lang='lat' dir='ltr'>antiquitatis</span> <span class='ocrx_word' id='word_1_92' title='bbox 475 903 551 952; x_wconf 76' lang='lat' dir='ltr'>scriptis,</span> <span class='ocrx_word' id='word_1_93' title='bbox 564 902 585 938; x_wconf 91' lang='lat' dir='ltr'>in</span> <span class='ocrx_word' id='word_1_94' title='bbox 602 901 667 950; x_wconf 83' lang='lat' dir='ltr'>quibus</span> <span class='ocrx_word' id='word_1_95' title='bbox 684 901 802 939; x_wconf 84' lang='lat' dir='ltr'>traditionem</span> 
     </span>
     <span class='ocr_line' id='line_1_13' title="bbox 178 962 801 1011; baseline -0.003 -11"><span class='ocrx_word' id='word_1_96' title='bbox 178 962 302 1011; x_wconf 83' lang='lat' dir='ltr'>Apostolicam</span> <span class='ocrx_word' id='word_1_97' title='bbox 315 963 404 1000; x_wconf 83' lang='lat' dir='ltr'>contineri</span> <span class='ocrx_word' id='word_1_98' title='bbox 417 963 516 1000; x_wconf 85' lang='lat' dir='ltr'>arbitratus</span> <span class='ocrx_word' id='word_1_99' title='bbox 529 966 562 1008; x_wconf 81' lang='lat' dir='ltr'>est,</span> <span class='ocrx_word' id='word_1_100' title='bbox 571 975 626 998; x_wconf 91' lang='lat' dir='ltr'>nsum</span> <span class='ocrx_word' id='word_1_101' title='bbox 635 962 692 997; x_wconf 79' lang='lat' dir='ltr'>fuisse</span> <span class='ocrx_word' id='word_1_102' title='bbox 705 962 801 1008; x_wconf 88' lang='lat' dir='ltr'>contendo,</span> 
     </span>
     <span class='ocr_line' id='line_1_14' title="bbox 120 1022 803 1073; baseline 0 -14"><span class='ocrx_word' id='word_1_103' title='bbox 120 1069 122 1073; x_wconf 27' lang='grc' dir='ltr'>ι</span> <span class='ocrx_word' id='word_1_104' title='bbox 178 1025 200 1059; x_wconf 86' lang='lat' dir='ltr'>ut</span> <span class='ocrx_word' id='word_1_105' title='bbox 211 1028 266 1060; x_wconf 88' lang='lat' dir='ltr'>nemo</span> <span class='ocrx_word' id='word_1_106' title='bbox 279 1036 359 1072; x_wconf 86' lang='lat' dir='ltr'>unquam</span> <span class='ocrx_word' id='word_1_107' title='bbox 372 1022 394 1060; x_wconf 93' lang='lat' dir='ltr'>de</span> <span class='ocrx_word' id='word_1_108' title='bbox 408 1024 446 1073; x_wconf 85' lang='lat' dir='ltr'>ejus</span> <span class='ocrx_word' id='word_1_109' title='bbox 459 1024 495 1060; x_wconf 85' lang='lat' dir='ltr'>fide</span> <span class='ocrx_word' id='word_1_110' title='bbox 509 1026 540 1060; x_wconf 87' lang='lat' dir='ltr'>aut</span> <span class='ocrx_word' id='word_1_111' title='bbox 554 1024 577 1060; x_wconf 90' lang='lat' dir='ltr'>de</span> <span class='ocrx_word' id='word_1_112' title='bbox 590 1022 667 1071; x_wconf 81' lang='lat' dir='ltr'>scriptis,</span> <span class='ocrx_word' id='word_1_113' title='bbox 677 1035 717 1071; x_wconf 81' lang='lat' dir='ltr'>quae</span> <span class='ocrx_word' id='word_1_114' title='bbox 729 1022 803 1070; x_wconf 64' lang='lat' dir='ltr'>ille‘pro</span> 
     </span>
     <span class='ocr_line' id='line_1_15' title="bbox 179 1078 803 1132; baseline -0.002 -12"><span class='ocrx_word' id='word_1_115' title='bbox 179 1083 287 1120; x_wconf 78' lang='lat' dir='ltr'>indubitatis</span> <span class='ocrx_word' id='word_1_116' title='bbox 304 1084 375 1128; x_wconf 82' lang='lat' dir='ltr'>habuit,</span> <span class='ocrx_word' id='word_1_117' title='bbox 392 1087 455 1132; x_wconf 86' lang='lat' dir='ltr'>postea</span> <span class='ocrx_word' id='word_1_118' title='bbox 469 1082 585 1121; x_wconf 86' lang='lat' dir='ltr'>dubitaverit.</span> <span class='ocrx_word' id='word_1_119' title='bbox 611 1078 664 1120; x_wconf 82' lang='lat' dir='ltr'>Libri</span> <span class='ocrx_word' id='word_1_120' title='bbox 677 1082 709 1131; x_wconf 85' lang='lat' dir='ltr'>qui</span> <span class='ocrx_word' id='word_1_121' title='bbox 721 1095 771 1119; x_wconf 89' lang='lat' dir='ltr'>nunc</span> <span class='ocrx_word' id='word_1_122' title='bbox 783 1081 803 1119; x_wconf 91' lang='lat' dir='ltr'>in</span> 
     </span>
     <span class='ocr_line' id='line_1_16' title="bbox 181 1142 804 1191; baseline 0 -12"><span class='ocrx_word' id='word_1_123' title='bbox 181 1142 257 1181; x_wconf 87' lang='lat' dir='ltr'>dubium</span> <span class='ocrx_word' id='word_1_124' title='bbox 264 1147 357 1189; x_wconf 83' lang='lat' dir='ltr'>vocantur,</span> <span class='ocrx_word' id='word_1_125' title='bbox 367 1147 399 1179; x_wconf 89' lang='lat' dir='ltr'>aut</span> <span class='ocrx_word' id='word_1_126' title='bbox 408 1144 451 1180; x_wconf 89' lang='lat' dir='ltr'>olim</span> <span class='ocrx_word' id='word_1_127' title='bbox 459 1145 518 1182; x_wconf 84' lang='lat' dir='ltr'>vocati</span> <span class='ocrx_word' id='word_1_128' title='bbox 526 1148 575 1189; x_wconf 76' lang='lat' dir='ltr'>sunt,</span> <span class='ocrx_word' id='word_1_129' title='bbox 583 1143 710 1180; x_wconf 88' lang='lat' dir='ltr'>testimonium</span> <span class='ocrx_word' id='word_1_130' title='bbox 718 1143 758 1191; x_wconf 85' lang='lat' dir='ltr'>ejus</span> <span class='ocrx_word' id='word_1_131' title='bbox 765 1155 804 1179; x_wconf 91' lang='lat' dir='ltr'>non</span> 
     </span>
     <span class='ocr_line' id='line_1_17' title="bbox 181 1202 803 1253; baseline -0.002 -13"><span class='ocrx_word' id='word_1_132' title='bbox 181 1202 256 1240; x_wconf 85' lang='lat' dir='ltr'>habent.</span> <span class='ocrx_word' id='word_1_133' title='bbox 281 1202 361 1240; x_wconf 84' lang='lat' dir='ltr'>Ostende</span> <span class='ocrx_word' id='word_1_134' title='bbox 372 1203 418 1246; x_wconf 88' lang='lat' dir='ltr'>mihi</span> <span class='ocrx_word' id='word_1_135' title='bbox 427 1204 499 1253; x_wconf 89' lang='lat' dir='ltr'>lapsum</span> <span class='ocrx_word' id='word_1_136' title='bbox 507 1203 581 1241; x_wconf 89' lang='lat' dir='ltr'>Eusebii</span> <span class='ocrx_word' id='word_1_137' title='bbox 592 1203 612 1240; x_wconf 93' lang='lat' dir='ltr'>in</span> <span class='ocrx_word' id='word_1_138' title='bbox 622 1203 682 1251; x_wconf 85' lang='lat' dir='ltr'>aliquo</span> <span class='ocrx_word' id='word_1_139' title='bbox 694 1203 729 1240; x_wconf 87' lang='lat' dir='ltr'>alio</span> <span class='ocrx_word' id='word_1_140' title='bbox 738 1203 803 1251; x_wconf 83' lang='lat' dir='ltr'>Opere,</span> 
     </span>
    </p>

    <p class='ocr_par' dir='ltr' id='par_1_3' title="bbox 88 1263 858 2703">
     <span class='ocr_line' id='line_1_18' title="bbox 182 1263 452 1302; baseline -0.007 0"><span class='ocrx_word' id='word_1_141' title='bbox 182 1267 203 1302; x_wconf 87' lang='grc'>11</span> <span class='ocrx_word' id='word_1_142' title='bbox 213 1263 235 1300; x_wconf 87' lang='lat' dir='ltr'>de</span> <span class='ocrx_word' id='word_1_143' title='bbox 243 1264 278 1301; x_wconf 87' lang='lat' dir='ltr'>hoe</span> <span class='ocrx_word' id='word_1_144' title='bbox 286 1265 364 1301; x_wconf 84' lang='lat' dir='ltr'>credam.</span> <span class='ocrx_word' id='word_1_145' title='bbox 389 1298 391 1300; x_wconf 82' lang='lat'>.</span> <span class='ocrx_word' id='word_1_146' title='bbox 450 1285 452 1287; x_wconf 39' lang='lat' dir='ltr'>v</span> 
     </span>
     <span class='ocr_line' id='line_1_19' title="bbox 90 1322 813 1372; baseline 0 -14"><span class='ocrx_word' id='word_1_147' title='bbox 90 1339 133 1366; x_wconf 69' lang='lat' dir='ltr'>qiiam</span> <span class='ocrx_word' id='word_1_148' title='bbox 208 1326 219 1343; x_wconf 85' lang='lat'><em>“</em></span> <span class='ocrx_word' id='word_1_149' title='bbox 224 1324 344 1371; x_wconf 83' lang='lat' dir='ltr'>Diligentiam</span> <span class='ocrx_word' id='word_1_150' title='bbox 349 1325 361 1342; x_wconf 73' lang='lat'>’²</span> <span class='ocrx_word' id='word_1_151' title='bbox 370 1328 431 1361; x_wconf 86' lang='lat' dir='ltr'>autem</span> <span class='ocrx_word' id='word_1_152' title='bbox 440 1329 458 1362; x_wconf 90' lang='lat' dir='ltr'>et</span> <span class='ocrx_word' id='word_1_153' title='bbox 467 1327 479 1344; x_wconf 87' lang='lat'><em>“</em></span> <span class='ocrx_word' id='word_1_154' title='bbox 485 1325 604 1361; x_wconf 89' lang='lat' dir='ltr'>attentionem</span> <span class='ocrx_word' id='word_1_155' title='bbox 609 1324 621 1342; x_wconf 85' lang='lat'><em>”</em></span> <span class='ocrx_word' id='word_1_156' title='bbox 628 1323 702 1361; x_wconf 87' lang='lat' dir='ltr'>Eusebii</span> <span class='ocrx_word' id='word_1_157' title='bbox 710 1322 813 1372; x_wconf 74' lang='lat' dir='ltr'>requirunt:</span> 
     </span>
     <span class='ocr_line' id='line_1_20' title="bbox 88 1369 805 1441; baseline 0.003 -21"><span class='ocrx_word' id='word_1_158' title='bbox 88 1369 167 1441; x_wconf 55' lang='lat' dir='ltr'>{ffiffip</span> <span class='ocrx_word' id='word_1_159' title='bbox 182 1383 287 1421; x_wconf 85' lang='lat' dir='ltr'>Adversarii</span> <span class='ocrx_word' id='word_1_160' title='bbox 302 1384 323 1420; x_wconf 88' lang='lat' dir='ltr'>in</span> <span class='ocrx_word' id='word_1_161' title='bbox 337 1384 442 1422; x_wconf 87' lang='lat' dir='ltr'>testimonio</span> <span class='ocrx_word' id='word_1_162' title='bbox 458 1385 525 1422; x_wconf 85' lang='lat' dir='ltr'>Irenaei</span> <span class='ocrx_word' id='word_1_163' title='bbox 539 1384 641 1422; x_wconf 82' lang='lat' dir='ltr'>afferendo:</span> <span class='ocrx_word' id='word_1_164' title='bbox 659 1397 693 1433; x_wconf 79' lang='lat' dir='ltr'>ego</span> <span class='ocrx_word' id='word_1_165' title='bbox 707 1395 749 1422; x_wconf 90' lang='lat' dir='ltr'>vero</span> <span class='ocrx_word' id='word_1_166' title='bbox 764 1395 805 1422; x_wconf 89' lang='lat' dir='ltr'>eam</span> 
     </span>
     <span class='ocr_line' id='line_1_21' title="bbox 90 1443 806 1495; baseline 0.003 -15"><span class='ocrx_word' id='word_1_167' title='bbox 90 1443 158 1474; x_wconf 75' lang='lat' dir='ltr'>Defluus.</span> <span class='ocrx_word' id='word_1_168' title='bbox 182 1443 292 1481; x_wconf 85' lang='lat' dir='ltr'>laudandam</span> <span class='ocrx_word' id='word_1_169' title='bbox 300 1450 350 1493; x_wconf 77' lang='lat' dir='ltr'>puto,</span> <span class='ocrx_word' id='word_1_170' title='bbox 359 1446 407 1495; x_wconf 85' lang='lat' dir='ltr'>qnod</span> <span class='ocrx_word' id='word_1_171' title='bbox 415 1459 488 1483; x_wconf 85' lang='lat' dir='ltr'>auream</span> <span class='ocrx_word' id='word_1_172' title='bbox 497 1446 611 1492; x_wconf 81' lang='lat' dir='ltr'>sententiani,</span> <span class='ocrx_word' id='word_1_173' title='bbox 621 1446 641 1483; x_wconf 93' lang='lat' dir='ltr'>in</span> <span class='ocrx_word' id='word_1_174' title='bbox 648 1445 718 1494; x_wconf 68' lang='lat' dir='ltr'>ignatii</span> <span class='ocrx_word' id='word_1_175' title='bbox 723 1445 806 1493; x_wconf 80' lang='lat' dir='ltr'>Epistola</span> 
     </span>
     <span class='ocr_line' id='line_1_22' title="bbox 183 1505 806 1554; baseline 0 -13"><span class='ocrx_word' id='word_1_176' title='bbox 183 1509 291 1551; x_wconf 75' lang='lat' dir='ltr'>exstantem,</span> <span class='ocrx_word' id='word_1_177' title='bbox 305 1506 354 1554; x_wconf 86' lang='lat' dir='ltr'>apud</span> <span class='ocrx_word' id='word_1_178' title='bbox 367 1507 459 1543; x_wconf 84' lang='lat' dir='ltr'>Irenaeum</span> <span class='ocrx_word' id='word_1_179' title='bbox 469 1506 564 1552; x_wconf 81' lang='lat' dir='ltr'>invenerit,</span> <span class='ocrx_word' id='word_1_180' title='bbox 574 1505 701 1551; x_wconf 63' lang='lat' dir='ltr'>observaverit</span> <span class='ocrx_word' id='word_1_181' title='bbox 709 1505 806 1551; x_wconf 56' lang='lat' dir='ltr'>notaverim</span> 
     </span>
     <span class='ocr_line' id='line_1_23' title="bbox 183 1565 806 1614; baseline 0 -13"><span class='ocrx_word' id='word_1_182' title='bbox 183 1565 303 1613; x_wconf 83' lang='lat' dir='ltr'>applicaverit.</span> <span class='ocrx_word' id='word_1_183' title='bbox 319 1566 367 1605; x_wconf 60' lang='lat' dir='ltr'>,Sed</span> <span class='ocrx_word' id='word_1_184' title='bbox 381 1568 444 1603; x_wconf 85' lang='lat' dir='ltr'>“vana</span> <span class='ocrx_word' id='word_1_185' title='bbox 458 1569 476 1602; x_wconf 88' lang='lat' dir='ltr'>et</span> <span class='ocrx_word' id='word_1_186' title='bbox 490 1566 541 1602; x_wconf 87' lang='lat' dir='ltr'>inani</span> <span class='ocrx_word' id='word_1_187' title='bbox 555 1566 613 1614; x_wconf 86' lang='lat' dir='ltr'>speeie</span> <span class='ocrx_word' id='word_1_188' title='bbox 628 1565 702 1601; x_wconf 85' lang='lat' dir='ltr'>delusus</span> <span class='ocrx_word' id='word_1_189' title='bbox 715 1565 806 1612; x_wconf 81' lang='lat' dir='ltr'>Epistulas</span> 
     </span>
     <span class='ocr_line' id='line_1_24' title="bbox 182 1625 806 1675; baseline -0.002 -14"><span class='ocrx_word' id='word_1_190' title='bbox 182 1625 273 1662; x_wconf 75' lang='lat' dir='ltr'>Irenaeum</span> <span class='ocrx_word' id='word_1_191' title='bbox 282 1638 353 1675; x_wconf 84' lang='lat' dir='ltr'>quoque</span> <span class='ocrx_word' id='word_1_192' title='bbox 359 1627 431 1673; x_wconf 84' lang='lat' dir='ltr'>vidisse,</span> <span class='ocrx_word' id='word_1_193' title='bbox 437 1632 456 1664; x_wconf 92' lang='lat' dir='ltr'>et</span> <span class='ocrx_word' id='word_1_194' title='bbox 465 1626 537 1675; x_wconf 87' lang='lat' dir='ltr'>quidem</span> <span class='ocrx_word' id='word_1_195' title='bbox 546 1625 606 1671; x_wconf 85' lang='lat' dir='ltr'>etiam,</span> <span class='ocrx_word' id='word_1_196' title='bbox 614 1625 670 1675; x_wconf 79' lang='lat' dir='ltr'>(quod</span> <span class='ocrx_word' id='word_1_197' title='bbox 678 1638 721 1662; x_wconf 86' lang='lat' dir='ltr'>sane</span> <span class='ocrx_word' id='word_1_198' title='bbox 730 1625 806 1662; x_wconf 85' lang='lat' dir='ltr'>crassius</span> 
     </span>
     <span class='ocr_line' id='line_1_25' title="bbox 183 1686 807 1735; baseline 0 -13"><span class='ocrx_word' id='word_1_199' title='bbox 183 1690 210 1726; x_wconf 91' lang='lat' dir='ltr'>est</span> <span class='ocrx_word' id='word_1_200' title='bbox 227 1689 245 1723; x_wconf 91' lang='lat' dir='ltr'>et</span> <span class='ocrx_word' id='word_1_201' title='bbox 261 1686 407 1735; x_wconf 81' lang='lat' dir='ltr'>inexcusabilius)</span> <span class='ocrx_word' id='word_1_202' title='bbox 426 1699 536 1724; x_wconf 85' lang='lat' dir='ltr'>memorasse</span> <span class='ocrx_word' id='word_1_203' title='bbox 552 1686 664 1735; x_wconf 78' lang='lat' dir='ltr'>imaginatus</span> <span class='ocrx_word' id='word_1_204' title='bbox 679 1687 725 1723; x_wconf 83' lang='lat' dir='ltr'>est.”</span> <span class='ocrx_word' id='word_1_205' title='bbox 751 1686 807 1723; x_wconf 90' lang='lat' dir='ltr'>Unde</span> 
     </span>
     <span class='ocr_line' id='line_1_26' title="bbox 183 1748 807 1797; baseline 0 -13"><span class='ocrx_word' id='word_1_206' title='bbox 183 1751 244 1785; x_wconf 83' lang='lat' dir='ltr'>autem</span> <span class='ocrx_word' id='word_1_207' title='bbox 253 1748 287 1785; x_wconf 87' lang='lat' dir='ltr'>hoc</span> <span class='ocrx_word' id='word_1_208' title='bbox 296 1753 375 1797; x_wconf 85' lang='lat' dir='ltr'>apparet,</span> <span class='ocrx_word' id='word_1_209' title='bbox 385 1752 451 1787; x_wconf 84' lang='lat' dir='ltr'>caetera</span> <span class='ocrx_word' id='word_1_210' title='bbox 458 1748 619 1797; x_wconf 84' lang='lat' dir='ltr'>diligentissimum</span> <span class='ocrx_word' id='word_1_211' title='bbox 628 1748 807 1796; x_wconf 86' lang='lat' dir='ltr'>oculatissimumque</span> 
     </span>
     <span class='ocr_line' id='line_1_27' title="bbox 182 1809 807 1856; baseline -0.005 -10"><span class='ocrx_word' id='word_1_212' title='bbox 182 1810 209 1846; x_wconf 87' lang='lat' dir='ltr'>ita</span> <span class='ocrx_word' id='word_1_213' title='bbox 221 1809 277 1846; x_wconf 82' lang='lat' dir='ltr'>fnisse</span> <span class='ocrx_word' id='word_1_214' title='bbox 292 1810 388 1847; x_wconf 86' lang='lat' dir='ltr'>delusum?</span> <span class='ocrx_word' id='word_1_215' title='bbox 414 1810 466 1847; x_wconf 85' lang='lat' dir='ltr'>Vidit</span> <span class='ocrx_word' id='word_1_216' title='bbox 480 1810 570 1846; x_wconf 88' lang='lat' dir='ltr'>Eusebius</span> <span class='ocrx_word' id='word_1_217' title='bbox 581 1809 641 1845; x_wconf 92' lang='lat' dir='ltr'>multa</span> <span class='ocrx_word' id='word_1_218' title='bbox 653 1810 720 1845; x_wconf 70' lang='lat' dir='ltr'>irenaei</span> <span class='ocrx_word' id='word_1_219' title='bbox 735 1809 807 1856; x_wconf 86' lang='lat' dir='ltr'>scripta,</span> 
     </span>
     <span class='ocr_line' id='line_1_28' title="bbox 184 1868 806 1918; baseline 0 -12"><span class='ocrx_word' id='word_1_220' title='bbox 184 1881 224 1916; x_wconf 80' lang='lat' dir='ltr'>quae</span> <span class='ocrx_word' id='word_1_221' title='bbox 235 1870 274 1917; x_wconf 77' lang='lat' dir='ltr'>jam</span> <span class='ocrx_word' id='word_1_222' title='bbox 286 1869 384 1917; x_wconf 85' lang='lat' dir='ltr'>perierunt,</span> <span class='ocrx_word' id='word_1_223' title='bbox 394 1882 434 1918; x_wconf 86' lang='lat' dir='ltr'>quae</span> <span class='ocrx_word' id='word_1_224' title='bbox 447 1873 466 1906; x_wconf 94' lang='lat' dir='ltr'>et</span> <span class='ocrx_word' id='word_1_225' title='bbox 478 1870 517 1918; x_wconf 85' lang='lat' dir='ltr'>ipse</span> <span class='ocrx_word' id='word_1_226' title='bbox 528 1872 659 1906; x_wconf 88' lang='lat' dir='ltr'>commemorat</span> <span class='ocrx_word' id='word_1_227' title='bbox 666 1868 697 1906; x_wconf 88' lang='lat' dir='ltr'>lib.</span> <span class='ocrx_word' id='word_1_228' title='bbox 704 1881 721 1906; x_wconf 91' lang='lat' dir='ltr'>v.</span> <span class='ocrx_word' id='word_1_229' title='bbox 731 1880 770 1918; x_wconf 70' lang='lat' dir='ltr'>capv</span> <span class='ocrx_word' id='word_1_230' title='bbox 777 1870 806 1907; x_wconf 74' lang='lat'>26.</span> 
     </span>
     <span class='ocr_line' id='line_1_29' title="bbox 184 1926 809 1981; baseline 0 -15"><span class='ocrx_word' id='word_1_231' title='bbox 184 1932 202 1966; x_wconf 86' lang='lat' dir='ltr'>et</span> <span class='ocrx_word' id='word_1_232' title='bbox 216 1927 328 1977; x_wconf 67' lang='grc'><strong>1111111111</strong></span> <span class='ocrx_word' id='word_1_233' title='bbox 342 1929 366 1971; x_wconf 78' lang='grc' dir='ltr'>εἰς</span> <span class='ocrx_word' id='word_1_234' title='bbox 382 1929 471 1981; x_wconf 77' lang='grc' dir='ltr'>ἡμετέραν</span> <span class='ocrx_word' id='word_1_235' title='bbox 488 1929 566 1968; x_wconf 77' lang='grc' dir='ltr'>ἐλθόντα</span> <span class='ocrx_word' id='word_1_236' title='bbox 581 1930 649 1977; x_wconf 55' lang='grc' dir='ltr'>(γνῶσιν</span> <span class='ocrx_word' id='word_1_237' title='bbox 665 1929 696 1967; x_wconf 81' lang='grc' dir='ltr'>τοῦ</span> <span class='ocrx_word' id='word_1_238' title='bbox 711 1926 809 1980; x_wconf 72' lang='grc' dir='ltr'>Εἶρηναίου</span> 
     </span>
     <span class='ocr_line' id='line_1_30' title="bbox 185 1990 809 2039; baseline 0 -13"><span class='ocrx_word' id='word_1_239' title='bbox 185 1991 270 2033; x_wconf 71' lang='grc' dir='ltr'>τοσαῦτα,</span> <span class='ocrx_word' id='word_1_240' title='bbox 280 1995 332 2038; x_wconf 84' lang='lat' dir='ltr'>utque</span> <span class='ocrx_word' id='word_1_241' title='bbox 344 1992 381 2028; x_wconf 77' lang='lat' dir='ltr'>aaa</span> <span class='ocrx_word' id='word_1_242' title='bbox 393 1994 434 2028; x_wconf 78' lang='lat' dir='ltr'>saar</span> <span class='ocrx_word' id='word_1_243' title='bbox 448 2003 485 2039; x_wconf 74' lang='lat' dir='ltr'>paca</span> <span class='ocrx_word' id='word_1_244' title='bbox 498 2002 520 2028; x_wconf 71' lang='lat' dir='ltr'>etr</span> <span class='ocrx_word' id='word_1_245' title='bbox 531 1990 595 2028; x_wconf 77' lang='lat' dir='ltr'>Ireaai</span> <span class='ocrx_word' id='word_1_246' title='bbox 608 1990 680 2039; x_wconf 72' lang='lat' dir='ltr'>scriptis</span> <span class='ocrx_word' id='word_1_247' title='bbox 694 1990 718 2026; x_wconf 85' lang='lat' dir='ltr'>acl</span> <span class='ocrx_word' id='word_1_248' title='bbox 729 1992 809 2027; x_wconf 76' lang='lat' dir='ltr'>nostram</span> 
     </span>
     <span class='ocr_line' id='line_1_31' title="bbox 185 2040 809 2101; baseline 0.002 -15"><span class='ocrx_word' id='word_1_249' title='bbox 185 2051 267 2101; x_wconf 79' lang='lat' dir='ltr'>aetitiam</span> <span class='ocrx_word' id='word_1_250' title='bbox 279 2056 402 2098; x_wconf 75' lang='lat' dir='ltr'>peruenerant,</span> <span class='ocrx_word' id='word_1_251' title='bbox 418 2053 484 2101; x_wconf 87' lang='lat' dir='ltr'>inquit.</span> <span class='ocrx_word' id='word_1_252' title='bbox 509 2052 539 2089; x_wconf 77' lang='lat' dir='ltr'>Eu</span> <span class='ocrx_word' id='word_1_253' title='bbox 554 2052 583 2089; x_wconf 86' lang='lat' dir='ltr'>his</span> <span class='ocrx_word' id='word_1_254' title='bbox 599 2040 666 2089; x_wconf 90' lang='lat' dir='ltr'>vidisse</span> <span class='ocrx_word' id='word_1_255' title='bbox 682 2065 725 2089; x_wconf 91' lang='lat' dir='ltr'>eum</span> <span class='ocrx_word' id='word_1_256' title='bbox 739 2051 809 2099; x_wconf 73' lang='lat' dir='ltr'>ignatii</span> 
     </span>
     <span class='ocr_line' id='line_1_32' title="bbox 186 2110 809 2158; baseline 0.003 -12"><span class='ocrx_word' id='word_1_257' title='bbox 186 2110 276 2157; x_wconf 85' lang='lat' dir='ltr'>Epistolas</span> <span class='ocrx_word' id='word_1_258' title='bbox 285 2111 397 2147; x_wconf 80' lang='lat' dir='ltr'>certionfieri</span> <span class='ocrx_word' id='word_1_259' title='bbox 405 2112 465 2158; x_wconf 89' lang='lat' dir='ltr'>potuit</span> <span class='ocrx_word' id='word_1_260' title='bbox 469 2125 475 2155; x_wconf 75' lang='lat'><em>3</em></span> <span class='ocrx_word' id='word_1_261' title='bbox 488 2112 525 2146; x_wconf 88' lang='lat' dir='ltr'>imo</span> <span class='ocrx_word' id='word_1_262' title='bbox 534 2123 556 2146; x_wconf 81' lang='lat' dir='ltr'>en</span> <span class='ocrx_word' id='word_1_263' title='bbox 564 2111 595 2146; x_wconf 85' lang='lat' dir='ltr'>illa</span> <span class='ocrx_word' id='word_1_264' title='bbox 603 2111 643 2157; x_wconf 89' lang='lat' dir='ltr'>ipsa</span> <span class='ocrx_word' id='word_1_265' title='bbox 651 2111 747 2154; x_wconf 86' lang='lat' dir='ltr'>sententia,</span> <span class='ocrx_word' id='word_1_266' title='bbox 754 2123 809 2157; x_wconf 81' lang='lat' dir='ltr'>quam</span> 
     </span>
     <span class='ocr_line' id='line_1_33' title="bbox 186 2168 809 2218; baseline -0.002 -12"><span class='ocrx_word' id='word_1_267' title='bbox 186 2169 267 2214; x_wconf 82' lang='lat' dir='ltr'>adduxit,</span> <span class='ocrx_word' id='word_1_268' title='bbox 275 2168 341 2208; x_wconf 89' lang='lat' dir='ltr'>vidisse</span> <span class='ocrx_word' id='word_1_269' title='bbox 353 2168 409 2214; x_wconf 84' lang='lat' dir='ltr'>novit,</span> <span class='ocrx_word' id='word_1_270' title='bbox 422 2168 464 2216; x_wconf 84' lang='lat' dir='ltr'>quia</span> <span class='ocrx_word' id='word_1_271' title='bbox 477 2181 517 2206; x_wconf 87' lang='lat' dir='ltr'>eam</span> <span class='ocrx_word' id='word_1_272' title='bbox 529 2168 603 2217; x_wconf 79' lang='lat' dir='ltr'>exejus</span> <span class='ocrx_word' id='word_1_273' title='bbox 615 2169 699 2216; x_wconf 81' lang='lat' dir='ltr'>Epistola</span> <span class='ocrx_word' id='word_1_274' title='bbox 711 2169 809 2218; x_wconf 84' lang='lat' dir='ltr'>transcrip-</span> 
     </span>
     <span class='ocr_line' id='line_1_34' title="bbox 186 2221 811 2282; baseline -0.002 -15"><span class='ocrx_word' id='word_1_275' title='bbox 186 2232 234 2267; x_wconf 84' lang='lat' dir='ltr'>serat</span> <span class='ocrx_word' id='word_1_276' title='bbox 243 2229 330 2282; x_wconf 83' lang='lat' dir='ltr'>lreneeus.</span> <span class='ocrx_word' id='word_1_277' title='bbox 356 2228 406 2266; x_wconf 88' lang='lat' dir='ltr'>Nam</span> <span class='ocrx_word' id='word_1_278' title='bbox 415 2228 462 2279; x_wconf 85' lang='lat' dir='ltr'>quod</span> <span class='ocrx_word' id='word_1_279' title='bbox 471 2228 519 2277; x_wconf 87' lang='lat' dir='ltr'>apud</span> <span class='ocrx_word' id='word_1_280' title='bbox 527 2242 569 2266; x_wconf 92' lang='lat' dir='ltr'>eum</span> <span class='ocrx_word' id='word_1_281' title='bbox 578 2229 644 2266; x_wconf 70' lang='grc'><strong>11111111</strong></span> <span class='ocrx_word' id='word_1_282' title='bbox 656 2233 729 2266; x_wconf 84' lang='lat' dir='ltr'>tantum</span> <span class='ocrx_word' id='word_1_283' title='bbox 738 2221 811 2278; x_wconf 50' lang='lat' dir='ltr'>Martyss</span> 
     </span>
     <span class='ocr_line' id='line_1_35' title="bbox 186 2289 810 2337; baseline 0.002 -10"><span class='ocrx_word' id='word_1_284' title='bbox 186 2303 230 2335; x_wconf 87' lang='lat' dir='ltr'>rem,</span> <span class='ocrx_word' id='word_1_285' title='bbox 245 2302 285 2327; x_wconf 90' lang='lat' dir='ltr'>non</span> <span class='ocrx_word' id='word_1_286' title='bbox 299 2293 361 2326; x_wconf 87' lang='lat' dir='ltr'>autem</span> <span class='ocrx_word' id='word_1_287' title='bbox 375 2289 467 2336; x_wconf 48' lang='lat' dir='ltr'>corrasisse</span> <span class='ocrx_word' id='word_1_288' title='bbox 480 2289 567 2337; x_wconf 78' lang='lat' dir='ltr'>legamus,</span> <span class='ocrx_word' id='word_1_289' title='bbox 581 2289 635 2337; x_wconf 87' lang='lat' dir='ltr'>plane</span> <span class='ocrx_word' id='word_1_290' title='bbox 649 2289 703 2327; x_wconf 86' lang='lat' dir='ltr'>nihili</span> <span class='ocrx_word' id='word_1_291' title='bbox 718 2293 756 2327; x_wconf 89' lang='lat' dir='ltr'>est:</span> <span class='ocrx_word' id='word_1_292' title='bbox 776 2303 810 2328; x_wconf 89' lang='lat' dir='ltr'>nos</span> 
     </span>
     <span class='ocr_line' id='line_1_36' title="bbox 186 2348 810 2397; baseline 0.002 -10"><span class='ocrx_word' id='word_1_293' title='bbox 186 2351 235 2387; x_wconf 89' lang='lat' dir='ltr'>enim</span> <span class='ocrx_word' id='word_1_294' title='bbox 244 2354 286 2387; x_wconf 90' lang='lat' dir='ltr'>ante</span> <span class='ocrx_word' id='word_1_295' title='bbox 295 2348 409 2386; x_wconf 89' lang='lat' dir='ltr'>ostendimus</span> <span class='ocrx_word' id='word_1_296' title='bbox 419 2361 513 2397; x_wconf 86' lang='lat' dir='ltr'>uunquam</span> <span class='ocrx_word' id='word_1_297' title='bbox 522 2350 574 2386; x_wconf 88' lang='lat' dir='ltr'>aliter</span> <span class='ocrx_word' id='word_1_298' title='bbox 582 2350 674 2386; x_wconf 84' lang='lat' dir='ltr'>Irenaeum</span> <span class='ocrx_word' id='word_1_299' title='bbox 683 2349 705 2387; x_wconf 88' lang='lat' dir='ltr'>de</span> <span class='ocrx_word' id='word_1_300' title='bbox 714 2350 810 2388; x_wconf 89' lang='lat' dir='ltr'>sententiis</span> 
     </span>
     <span class='ocr_line' id='line_1_37' title="bbox 186 2410 810 2459; baseline 0 -12"><span class='ocrx_word' id='word_1_301' title='bbox 186 2410 257 2459; x_wconf 86' lang='lat' dir='ltr'>scriptis</span> <span class='ocrx_word' id='word_1_302' title='bbox 266 2410 349 2447; x_wconf 86' lang='lat' dir='ltr'>locutum</span> <span class='ocrx_word' id='word_1_303' title='bbox 363 2421 408 2446; x_wconf 88' lang='lat' dir='ltr'>esse.</span> <span class='ocrx_word' id='word_1_304' title='bbox 433 2410 460 2446; x_wconf 89' lang='lat' dir='ltr'>At</span> <span class='ocrx_word' id='word_1_305' title='bbox 472 2410 536 2447; x_wconf 89' lang='lat' dir='ltr'>habuit</span> <span class='ocrx_word' id='word_1_306' title='bbox 549 2412 588 2447; x_wconf 81' lang='lat' dir='ltr'>“en</span> <span class='ocrx_word' id='word_1_307' title='bbox 596 2410 648 2448; x_wconf 88' lang='lat' dir='ltr'>Actis</span> <span class='ocrx_word' id='word_1_308' title='bbox 657 2410 751 2459; x_wconf 77' lang='lat' dir='ltr'>Ignatiani</span> <span class='ocrx_word' id='word_1_309' title='bbox 758 2411 810 2447; x_wconf 85' lang='lat' dir='ltr'>Mar-</span> 
     </span>
     <span class='ocr_line' id='line_1_38' title="bbox 186 2468 811 2521; baseline 0 -13"><span class='ocrx_word' id='word_1_310' title='bbox 186 2472 248 2520; x_wconf 59' lang='lat' dir='ltr'>tyriiss’</span> <span class='ocrx_word' id='word_1_311' title='bbox 273 2472 304 2509; x_wconf 83' lang='lat' dir='ltr'>Ita</span> <span class='ocrx_word' id='word_1_312' title='bbox 321 2474 370 2511; x_wconf 89' lang='lat' dir='ltr'>certe</span> <span class='ocrx_word' id='word_1_313' title='bbox 386 2468 483 2516; x_wconf 71' lang='lat' dir='ltr'>Parkerus,</span> <span class='ocrx_word' id='word_1_314' title='bbox 501 2470 624 2521; x_wconf 79' lang='lat' dir='ltr'>“Collegerat</span> <span class='ocrx_word' id='word_1_315' title='bbox 642 2472 681 2521; x_wconf 90' lang='lat' dir='ltr'>quis</span> <span class='ocrx_word' id='word_1_316' title='bbox 697 2472 744 2509; x_wconf 82' lang='lat' dir='ltr'>forte</span> <span class='ocrx_word' id='word_1_317' title='bbox 762 2471 811 2509; x_wconf 88' lang='lat' dir='ltr'>dicta</span> 
     </span>
     <span class='ocr_line' id='line_1_39' title="bbox 187 2531 811 2582; baseline -0.002 -13"><span class='ocrx_word' id='word_1_318' title='bbox 187 2532 257 2582; x_wconf 78' lang='lat' dir='ltr'>Ignatii</span> <span class='ocrx_word' id='word_1_319' title='bbox 269 2536 312 2576; x_wconf 88' lang='lat' dir='ltr'>ante</span> <span class='ocrx_word' id='word_1_320' title='bbox 324 2537 396 2580; x_wconf 86' lang='lat' dir='ltr'>tempus</span> <span class='ocrx_word' id='word_1_321' title='bbox 409 2531 490 2578; x_wconf 85' lang='lat' dir='ltr'>Eusebii,</span> <span class='ocrx_word' id='word_1_322' title='bbox 499 2545 555 2582; x_wconf 86' lang='lat' dir='ltr'>eaque</span> <span class='ocrx_word' id='word_1_323' title='bbox 568 2533 588 2569; x_wconf 90' lang='lat' dir='ltr'>in</span> <span class='ocrx_word' id='word_1_324' title='bbox 600 2533 678 2570; x_wconf 83' lang='lat' dir='ltr'>formam</span> <span class='ocrx_word' id='word_1_325' title='bbox 686 2532 811 2581; x_wconf 87' lang='lat' dir='ltr'>Epistolarum</span> 
     </span>
     <span class='ocr_line' id='line_1_40' title="bbox 186 2591 812 2644; baseline 0 -14"><span class='ocrx_word' id='word_1_326' title='bbox 186 2594 275 2642; x_wconf 77' lang='lat' dir='ltr'>redegit&#39;,J</span> <span class='ocrx_word' id='word_1_327' title='bbox 303 2593 339 2631; x_wconf 77' lang='lat' dir='ltr'>Sed</span> <span class='ocrx_word' id='word_1_328' title='bbox 348 2591 473 2644; x_wconf 86' lang='lat' dir='ltr'>antiquissima</span> <span class='ocrx_word' id='word_1_329' title='bbox 481 2591 528 2630; x_wconf 79' lang='lat' dir='ltr'>Acta</span> <span class='ocrx_word' id='word_1_330' title='bbox 541 2606 580 2642; x_wconf 86' lang='lat' dir='ltr'>quae</span> <span class='ocrx_word' id='word_1_331' title='bbox 592 2597 638 2630; x_wconf 88' lang='lat' dir='ltr'>tune</span> <span class='ocrx_word' id='word_1_332' title='bbox 651 2593 765 2641; x_wconf 81' lang='lat' dir='ltr'>exstiterunt,</span> <span class='ocrx_word' id='word_1_333' title='bbox 777 2601 812 2630; x_wconf 81' lang='lat' dir='ltr'>nec</span> 
     </span>
     <span class='ocr_line' id='line_1_41' title="bbox 188 2646 858 2703; baseline -0.001 -13"><span class='ocrx_word' id='word_1_334' title='bbox 188 2666 228 2691; x_wconf 89' lang='lat' dir='ltr'>eam</span> <span class='ocrx_word' id='word_1_335' title='bbox 240 2666 300 2703; x_wconf 83' lang='lat' dir='ltr'>neque</span> <span class='ocrx_word' id='word_1_336' title='bbox 313 2653 390 2690; x_wconf 89' lang='lat' dir='ltr'>similem</span> <span class='ocrx_word' id='word_1_337' title='bbox 404 2652 486 2701; x_wconf 71' lang='lat' dir='ltr'>aliquam¹</span> <span class='ocrx_word' id='word_1_338' title='bbox 497 2654 606 2692; x_wconf 89' lang='lat' dir='ltr'>sententiam</span> <span class='ocrx_word' id='word_1_339' title='bbox 618 2653 707 2702; x_wconf 86' lang='lat' dir='ltr'>Martyris</span> <span class='ocrx_word' id='word_1_340' title='bbox 719 2653 811 2692; x_wconf 79' lang='lat' dir='ltr'>exhibent.</span> <span class='ocrx_word' id='word_1_341' title='bbox 856 2646 858 2649; x_wconf 61' lang='grc'><strong>’</strong></span> 
     </span>
    </p>
   </div>
   <div class='ocr_carea' id='block_1_3' title="bbox 0 0 896 2957">
    <p class='ocr_par' dir='ltr' id='par_1_4' title="bbox 0 0 896 2957">
     <span class='ocr_line' id='line_1_42' title="bbox 0 0 896 2957; baseline 0 0"><span class='ocrx_word' id='word_1_342' title='bbox 0 0 896 2957; x_wconf 95' lang='lat' dir='ltr'> </span> 
     </span>
    </p>
   </div>
  </div>
 </body>
</html>
