1747 2957
159 176 196 214 214
368 188 476 216 rasrmoum
488 188 572 216 oniensis

161 276 221 323 acam,
231 281 248 315 et
258 272 357 315 'Theatra
370 281 501 328 appellaverant
506 295 512 323 ,-
529 279 569 328 [nos
578 279 611 315 has
620 278 679 315 dicere
687 289 782 327 possumus

161 338 255 386 moralem,
263 340 370 387 naturalem,
380 345 398 379 et
406 339 539 390 inspectivam]
567 339 654 377 Nonnulli
668 351 710 376 sane
725 338 783 388 [apud

164 399 306 451 Graecos]·aiiam
311 402 387 450 Loyicea
396 402 458 451 [quam
463 414 496 439 nos
500 401 607 438 rationalem
612 409 707 450 possumus
713 399 780 447 dicere]

163 465 226 508 quai-a
243 463 262 499 ia
278 475 349 500 atemere
363 466 466 511 posuerant.
496 463 537 500 Nee
551 465 614 498 tannen
630 462 701 498 Auctor
717 460 748 496 hie
765 472 784 496 se

162 521 251 559 Latinum
259 524 359 571 profitetur.
379 524 428 560 Nam
436 523 468 560 illa
476 536 516 571 quae
524 523 596 560 unoulis
603 522 715 566 inclusimus,
724 521 785 556 inter-

162 582 219 630 pretis
229 586 277 629 sunt,
286 595 325 620 non
333 583 425 622 Auctoris.
452 584 499 622 Cum
508 584 557 622 eninr
566 584 635 629 Graeca,
643 582 701 619 literis
711 580 784 630 quidem

164 642 240 689 Latinis,
253 643 312 681 verbis
325 648 387 681 autem
401 645 470 681 Granis
482 645 542 693 primo
554 644 667 689 reddidisset,
679 655 703 680 ne
715 642 762 680 forte
775 655 786 679 a

164 704 235 741 Latinis
243 716 281 741 non
288 704 439 756 intelligerentur,
449 709 480 742 aut
488 718 513 742 ne
520 706 559 755 ipse
569 719 608 743 non
618 704 729 743 intellexisse
736 703 786 741 vide-

163 768 219 808 retur,
236 763 299 801 eadem
316 764 383 801 Latine
399 777 461 800 rursus
477 765 594 813 interpretari
610 766 678 811 voluit5
695 763 744 813 qnod
759 767 787 800 est

163 822 253 860 veteribus
266 822 398 871 interpretibus
414 836 502 872 perquam
518 824 614 861 familiare.
639 825 710 862 Locum
727 826 788 861 aritern

162 882 222 932 ipsum
236 883 258 920 ab
273 883 353 932 Origene
362 884 450 932 seriptum
458 884 514 922 husse
523 885 553 922 vel
560 884 607 921 illud
616 884 680 933 arguit,
690 883 739 932 quod
747 896 789 920 enm

164 944 287 994 Hieronymus
300 944 323 981 ad
335 944 458 982 Ecclesiasten
473 949 564 994 sequatur,
577 948 604 992 ut,
615 948 661 982 tune
673 944 789 994 potissimum
833 979 834 982 ,

163 1017 205 1042 euin
213 1005 296 1042 nondum
302 1005 400 1053 Origenioa
408 1004 453 1043 adeo
460 1005 595 1055 disphouerant,
604 997 679 1043 solebat.
692 1005 787 1043 Detribus

164 1067 213 1103 enim
220 1067 322 1104 Salomonis
329 1067 380 1104 libris
390 1080 451 1116 agens,
458 1071 477 1104 et
486 1080 549 1104 eorum
557 1067 645 1113 ordinem,
652 1070 671 1104 et
679 1069 788 1115 argumenta

164 1139 205 1162 eum
211 1127 291 1174 Origene
299 1127 401 1173 observans,
409 1127 440 1172 ait,
448 1129 459 1146 ‘¹
465 1126 522 1163 Haud
529 1126 593 1176 proeul
601 1126 624 1163 ab
630 1127 665 1162 hoo
674 1126 737 1163 ordine
745 1125 787 1163 doo-

163 1186 253 1223 trinarnrn
261 1191 280 1224 et
288 1187 391 1236 Philosophi
404 1189 500 1224 seetaiores
512 1200 552 1224 suos
561 1186 657 1233 erudiunt,
670 1189 691 1223 ut
702 1186 788 1235 primum.

164 1246 250 1285 ilthiaarn
259 1247 340 1294 doceant,
348 1246 412 1284 deinde
420 1247 517 1296 Plrysiearn
525 1247 673 1299 interpretentru,
680 1252 698 1284 et
707 1260 761 1297 quern
769 1248 790 1284 in

165 1307 195 1345 his
200 1307 296 1357 profecisse
302 1308 431 1357 perspexerint,
438 1308 461 1345 ad
465 1308 583 1356 Theologiarn
591 1321 648 1357 usque
656 1308 757 1357 perducant
762 1307 789 1344 a»
826 1333 828 1336 ι

168 1368 228 1406 Ouenr
241 1369 302 1405 locum
314 1369 330 1405 si
341 1369 362 1405 in
370 1368 431 1405 animo
439 1367 532 1405 habuisset
540 1369 632 1405 Henrieus
640 1369 729 1413 Valesius,
740 1381 789 1404 nun-

167 1441 222 1476 qnam
234 1428 285 1464 illam
300 1428 444 1464 observationem
456 1428 477 1464 in
485 1428 642 1465 Annotationibns
655 1429 678 1465 ad
689 1427 790 1465 Eusebium

166 1487 275 1538 protulisset.
290 1490 301 1508 “
308 1488 362 1526 Certe
370 1488 390 1525 in
398 1489 449 1525 libris
455 1489 564 1537 Hieronymi
571 1501 666 1537 nunquam
671 1488 790 1537 Theologiam

167 1549 203 1586 diei
219 1548 302 1597 reperies,
318 1548 350 1585 sed
367 1548 430 1586 Graece
449 1548 556 1597 eeoaoytav.
581 1550 647 1600 Neque
664 1549 679 1587 si
692 1550 791 1598 cogitasset

167 1610 302 1659 Hieronymum
311 1610 331 1646 in
336 1609 419 1658 Epistola
426 1610 460 1647 elv.
469 1610 553 1658 Origenis
561 1611 612 1647 huno
619 1611 681 1647 locum
689 1610 790 1659 exprimere

167 1670 249 1718 voluisse,
258 1671 357 1708 lectionem
366 1670 437 1709 Codicis
445 1670 555 1708 Memmiani
563 1670 642 1719 vulgatae
651 1670 713 1709 statim
723 1674 791 1720 praetu-
808 1680 811 1681 ’

168 1732 224 1778 iisset,
239 1735 271 1769 aut
285 1732 334 1769 bane
346 1733 358 1751 “
365 1731 404 1769 sine
416 1744 470 1769 sensu
481 1731 581 1769 Theonoen
587 1732 599 1751 '’
613 1731 698 1769 exhibere
711 1730 791 1768 dixisset.

168 1792 230 1829 Verba
239 1792 349 1840 Hieronymi
357 1795 405 1836 sunt,
412 1791 534 1839 “Philosophi
542 1792 602 1828 solent
611 1791 741 1841 disputationes
750 1803 792 1827 suas

168 1853 189 1889 in
201 1852 303 1901 Physieam,
317 1851 408 1898 Ethieam,
422 1852 544 1900 Logioamque
557 1852 622 1901 partiri
626 1867 631 1897 3
649 1852 706 1889 itaet
720 1851 792 1900 eloquia

170 1912 232 1951 divina
243 1917 274 1951 aut
287 1913 309 1951 de
321 1917 388 1950 natura
401 1912 555 1960 dispumante]
564 1913 631 1950 Genesi
643 1916 661 1949 et
669 1910 791 1955 Ecclesiaste}

171 1976 202 2011 aut
211 1974 233 2010 de
241 1974 327 2020 moribus,
333 1978 356 2011 ut
361 1973 493 2018 inProverbiis,
499 1977 518 2009 et
526 1974 546 2009 in
554 1974 637 2010 omnibus
645 1973 721 2023 sparsim
729 1972 791 2018 libris;

171 2037 203 2070 aut
212 2033 234 2069 de
242 2033 315 2080 Logioa,
327 2045 359 2081 pro
368 2046 404 2081 qua
411 2032 471 2069 nostri
479 2033 580 2070 Theorieen
588 2034 623 2071 sihi
630 2033 729 2079 vindicant,
738 2036 760 2070 ut
771 2033 793 2070 in

172 2094 249 2132 Oantieo
254 2094 377 2139 Cantioorum,
383 2097 401 2130 et
409 2094 430 2129 in
437 2093 542 2141 Hvangehis
548 2100 560 2129 θ.
580 2095 626 2132 aaa
634 2108 705 2131 onmes
713 2094 792 2142 Origene

171 2154 229 2204 petita
236 2153 294 2202 quivis
302 2153 400 2201 intelligat,
408 2152 508 2189 'Pheon'een
514 2165 535 2189 eo
541 2154 576 2189 looi
583 2155 623 2202 pati
629 2155 668 2203 quis
674 2166 712 2191 non
719 2154 792 2202 poterit,

172 2213 204 2264 qui
212 2226 252 2251 eain
260 2212 287 2250 iia
296 2212 367 2251 definiri
375 2213 398 2250 ab
407 2213 486 2261 Origene
497 2212 553 2261 nouit,
566 2213 666 2262 Impertite
676 2215 746 2261 diriter,
759 2228 793 2263 pua

171 2275 371 2324 superaestimanda
385 2275 406 2311 aa
420 2274 485 2311 divinis
499 2274 568 2323 aliquid
582 2279 600 2312 et
613 2277 709 2313 caelestibus
718 2280 793 2314 eontent-

168 2338 246 2385 plamar,
261 2347 315 2383 eaque
331 2335 370 2372 sola
386 2337 443 2371 aiente
459 2335 561 2372 talamana?
586 2336 632 2374 Haeo
644 2337 702 2386 igitur
718 2338 793 2375 omnino

173 2398 257 2445 Origenis
267 2400 316 2443 sunt,
326 2399 345 2433 et
354 2409 376 2432 ex
384 2408 406 2432 eo
413 2395 475 2432 hausit
484 2396 613 2444 Hieronymus.

198 2456 234 2493 Sed
248 2456 333 2504 “idern”
345 2454 406 2506 inquit
419 2455 511 2501 Erasinus,
524 2456 597 2506 “liquet
609 2470 632 2495 er
643 2456 794 2507 interpretatione

191 2565 197 2584 ¹¹
207 2566 287 2595 comment.
296 2567 313 2595 in
323 2567 375 2596 hedes
385 2575 430 2604 prope
439 2565 471 2594 init.
496 2567 533 2596 notis
539 2567 604 2604 praeferre
611 2568 667 2597 videtur
675 2567 756 2598 diarriae.

173 2607 207 2634 tom,
214 2605 235 2633 iii
242 2613 256 2641 pv
263 2605 294 2633 384.
301 2605 384 2634 edVallars.
395 2606 423 2633 Pro
429 2604 472 2633 raro·
514 2609 520 2622 θ
528 2605 573 2642 llpist.
580 2615 614 2634 xxx.
622 2609 628 2642 §
636 2608 649 2635 1.
655 2606 674 2636 ih

173 2642 227 2679 topiaria
233 2642 279 2671 edidit
284 2642 362 2673 Vallarsius
368 2643 439 2679 Lopiram
442 2651 449 2676 ;
455 2642 471 2669 iu
