1679 2935
222 194 317 247 normano
330 217 385 245 srrru
398 210 543 246 CON'lltovnltsnn.
669 212 692 247 ni

71 312 133 362 pretis,
148 316 193 349 tunc
209 311 289 360 primum
304 312 326 349 ab
341 312 381 361 ipsc
396 311 446 357 editi,
463 311 531 348 indicio
547 310 694 360 deprehenderat.

17 381 18 384 ’
72 373 123 410 Eel'n
139 373 175 410 hoc
188 373 262 422 quidem
278 373 377 422 inceptum,
392 385 428 422 qno
443 371 559 410 Reverendus
575 373 640 418 Senex,
654 384 698 409 cnm

72 434 148 482 ingenii,
160 434 225 483 judieii
233 437 252 469 et
261 433 348 469 doctrinae
357 433 448 482 specimen
459 433 551 481 singulare
560 432 697 478 exhibuit-tum

73 494 159 531 Ecclesiae
167 495 290 540 utilissimam,
299 498 318 531 et
329 494 379 531 hisce
387 494 499 543 temporibus
511 492 590 530 manime
599 493 697 530 salutarem

74 568 147 605 operam
155 554 244 605 praestitit.
745 600 747 603 ι

72 634 73 637 “
99 617 123 654 Id
130 629 172 654 vero
183 618 206 654 ad
215 609 308 654 cumulum
319 617 399 664 accessit,
409 616 457 665 quod
466 616 501 654 Vir
510 616 670 666 praestantissimus
679 618 698 653 ct
705 619 723 649 Is.
731 620 791 651 Vossius

75 679 126 715 omni
140 678 228 716 doctrinae
242 670 308 726 genere
321 678 420 714 admodum
433 678 521 724 excultus,
536 679 610 715 isaacus
622 677 698 714 Vossius
705 658 791 732 ffiffie

76 734 161 777 Graecum
169 740 260 788 enemplar
271 740 331 789 (quod,
340 739 410 788 opinor,
421 739 499 776 infinitae
506 739 590 776 lectionis
598 738 698 776 Tuirianus
705 733 784 802 fflffle

75 803 149 837 centum
163 799 201 837 fere
216 799 269 837 annis
284 803 327 836 ante
339 799 415 845 viderat,
427 802 446 836 et
458 798 602 836 vetustissimum
614 798 698 836 emenda·
706 811 783 846 caprinus

74 859 202 909 tissimrnnqne
211 872 248 897 esse
256 863 334 897 testatus
343 859 377 909 est)
389 872 399 897 e
408 859 492 897 Medicea
498 855 612 898 Bibliotheca
621 859 685 909 exscrip
693 880 698 887 -
706 848 757 877 aaran

75 926 115 959 tum
127 922 239 971 produceret,
253 922 295 959 viris
308 921 416 959 doctissimis
429 921 538 958 amicissime
551 921 697 966 communicaret,

76 973 95 1020 et
103 983 189 1031 quoniam
202 982 274 1020 Latina
281 981 367 1019 Versioni
382 982 404 1019 ab
418 981 492 1019 Usserio
506 977 603 1031 publicatae
618 981 699 1030 apprime

76 1055 178 1080 consonum
187 1043 319 1090 animadvertit,
326 1055 368 1080 eum
377 1055 398 1079 ea
406 1042 460 1079 simul
468 1042 610 1091 imprimendum
619 1055 639 1079 ac
644 1043 700 1079 Notis

76 1104 204 1139 illustrandum
219 1107 306 1140 amarem.
333 1104 379 1140 tiriae
392 1114 434 1138 cum
447 1106 486 1137 tam
498 1102 556 1137 amice
569 1101 700 1148 conspirarent,

76 1174 114 1198 non
123 1162 212 1198 dubitavit
221 1174 300 1198 asserere
309 1161 407 1197 doctorum
412 1160 492 1197 virorum
501 1173 540 1209 par,
549 1160 621 1196 easdem
629 1161 701 1209 Episto-

76 1222 103 1259 las
118 1221 193 1260 tandem
209 1234 243 1259 nos
259 1221 326 1259 habere
340 1234 384 1270 quas
397 1221 462 1259 habuit
476 1221 572 1266 Eusebius,
587 1234 630 1269 quas
645 1221 701 1258 edidit

77 1282 192 1332 Polycarpns,
202 1295 246 1332 quas
255 1282 327 1331 scripsit
335 1282 425 1331 ignatius

103 1344 164 1381 Quam
172 1343 215 1380 in'ris
224 1342 300 1380 eruditis
309 1346 360 1391 grata
367 1343 423 1380 hrerit
431 1343 471 1381 haec
478 1343 612 1390 VossiiEditic,
621 1343 650 1381 rel
658 1343 702 1380 inde

78 1407 134 1453 patet,
144 1405 193 1453 quod
199 1403 393 1451 ClaudiusSarravius,
404 1405 481 1441 Senator
488 1402 600 1449 raniensis,
609 1404 632 1441 ab
637 1404 676 1452 ipso
681 1405 702 1441 in
729 1430 731 1433 »

79 1465 127 1501 notis
134 1464 192 1501 obiter
197 1464 286 1510 laudatus,
293 1464 310 1501 ei
318 1464 357 1501 haec
363 1464 480 1513 rescripserit.
495 1466 507 1484 “
512 1464 554 1512 Ago
560 1463 622 1512 itaque
629 1464 701 1512 gratias,

79 1537 113 1572 age
126 1526 192 1573 gratias
204 1525 240 1561 tibi
252 1537 336 1570 summas
352 1525 378 1561 mi
386 1525 450 1570 Vossi;
464 1528 553 1562 aeternum
566 1525 615 1561 enim
627 1538 657 1562 me
668 1525 703 1562 tibi

79 1585 175 1622 deimnisti
182 1588 235 1621 tanto
242 1589 260 1622 et
268 1589 307 1622 tam
315 1585 401 1634 praeclaro
409 1599 452 1635 erga
460 1586 587 1623 immerentem
593 1586 702 1624 testimonio.

79 1643 138 1680 Video
153 1643 203 1680 enim
218 1643 245 1680 ibi
261 1644 330 1679 famam
345 1655 406 1692 meam
424 1644 523 1680 aeternitati
537 1648 665 1689 consecratam,
681 1657 702 1681 eo

79 1697 198 1741 monumento
207 1703 255 1751 qnod
263 1715 306 1741 sara
314 1706 332 1740 et
340 1697 430 1739 marmora
438 1702 533 1739 dimatione
541 1703 593 1739 in'nca
602 1704 619 1739 .”
640 1711 642 1718 ³

105 1764 165 1800 Quare
179 1764 241 1799 statim
254 1776 276 1799 ex
287 1762 527 1803 ProtestantibusAndreas
539 1763 620 1809 Eivetus,
630 1775 672 1800 eum
685 1765 702 1800 ei

80 1813 165 1862 Usserius
177 1836 242 1862 novam
254 1823 324 1871 ignatii
336 1836 358 1861 en
365 1822 430 1861 Veteri
437 1822 498 1860 ¹Libro
511 1823 609 1861 editionem
621 1836 702 1862 commu-

80 1883 164 1930 nicasset,
177 1883 198 1920 in
205 1884 271 1921 ultima
279 1884 344 1921 Oritici
356 1883 384 1921 sui
397 1882 448 1921 Sacri
459 1879 583 1933 recognitione
594 1884 643 1922 illins
654 1886 703 1935 judi-

80 1946 129 1983 cium
143 1949 214 1983 secutus
227 1948 265 1982 est:
279 1949 297 1982 et
312 1958 332 1982 ex
347 1944 421 1981 Jesnitis
433 1945 523 1992 Petamus,
536 1945 672 1984 GraecisVossii
685 1951 768 1989 ettudicia

81 2007 152 2044 Latinis
169 2006 239 2043 Usseiii
255 2006 361 2054 conspectis,
381 2006 466 2051 “Haec”
484 2006 550 2054 inqiut,
570 2007 669 2054 “prudens
686 1995 781 2063 etfflgffifl

79 2066 129 2114 justa
141 2065 218 2114 suspicio
231 2068 263 2111 est,
276 2065 316 2102 illas
329 2077 367 2102 esse
378 2061 467 2113 genuinas
477 2065 548 2114 *Ignatii
556 2066 651 2115 Epistulas,
661 2080 704 2117 quas

82 2119 206 2175 Antiquorum
215 2139 312 2164 consensus
318 2127 418 2164 illustribus
426 2127 535 2163 testimoniis
544 2129 678 2165 commendatas
687 2134 705 2166 et

82 2187 190 2237 approbatas
202 2187 268 2237 reliqui
278 2187 294 2225 .'’
319 2186 374 2225 Idem
386 2186 441 2224 etiam
452 2183 541 2235 judicium
549 2187 623 2226 Nicolai
631 2189 705 2227 Eabroti
712 2198 770 2227 nicolai

82 2249 123 2296 fuit,
132 2252 154 2286 ut
162 2249 262 2287 ostendunt
274 2252 323 2286 notae
336 2249 375 2297 ejus
389 2248 412 2285 ad
424 2244 556 2286 Anastasium„
573 2252 585 2280 ἕ(
594 2251 612 2287 S.
622 2251 705 2299 Igna-tius
713 2236 775 2266 ΝΜ

82 2310 164 2359 Epistola
177 2310 201 2347 ad
215 2310 303 2358 Ephesios
314 2309 378 2359 (edidit
391 2309 472 2347 eruditus
480 2310 515 2348 Vir
526 2310 599 2348 isaacus
609 2312 705 2362 Vossius)”

83 2374 102 2408 et
116 2371 184 2417 statim,
203 2373 215 2391 “
223 2369 389 2418 Pseudo-ignatius
401 2370 421 2406 in
433 2371 515 2418 Epistola
527 2371 551 2407 ad
562 2371 706 2418 Antiochenos,”

84 2434 102 2467 ct
116 2430 165 2476 alibi,
179 2430 258 2466 “Vetus
274 2430 364 2476 interpres
375 2429 470 2477 Epistola
479 2429 502 2465 ad
518 2429 649 2478 Philippenses,
667 2445 707 2480 quae

102 2558 227 2588 *Amstelodnmi
246 2558 287 2588 isle.
302 2558 330 2587 lto.
356 2556 384 2588 Sex
408 2567 431 2587 nae
443 2558 531 2595 castigatam.
552 2558 598 2594 Hanc,
610 2563 666 2590 mortue
676 2562 707 2597 jam

84 2594 156 2630 Epistolas
164 2599 234 2633 genuinas
242 2597 288 2626 edidit
297 2597 357 2627 Vossius
367 2606 384 2625 ex
409 2597 483 2632 Pearsono,
500 2597 555 2634 primns
567 2598 613 2626 edidit
626 2606 644 2626 cx
656 2598 707 2627 Codice

86 2631 137 2661 Codice
143 2633 208 2663 hlcdicec
213 2636 303 2671 5scptin1au1
311 2636 360 2663 antem
366 2635 384 2663 ad
410 2634 492 2663 Oolbcrtino
508 2635 585 2665 llninartus
599 2636 617 2665 ad
629 2636 662 2665 calc.
674 2636 706 2664 Act,

84 2669 156 2698 Romanos
166 2680 191 2706 ope
198 2672 272 2701 Versionis
282 2673 338 2701 Veteris
348 2673 385 2700 Lati·
410 2673 463 2701 Sinccr.
470 2673 528 2709 Martyr.
548 2673 592 2712 Paris.
602 2675 641 2702 1689,
