1625 2781
371 193 395 220 au
406 192 507 219 uneroauu.
732 179 751 217 xi

129 284 183 320 entiae
201 284 301 333 parumssst’
332 284 430 321 Miraberis
451 283 575 332 proculdubio,
597 283 661 320 Amice
679 285 751 331 Lector,

129 346 247 393 quamobrem
255 346 289 383 hac
297 348 350 383 tauta
358 345 399 383 labe
405 345 439 383 Vir
443 345 482 395 ipse
488 345 571 383 doctrina
579 345 662 382 excultus
667 345 752 382 Pearsoni
762 363 764 365 >

128 419 188 444 mores
199 407 270 457 'pariter
287 411 341 456 atque
356 407 458 445 doctrinam
473 407 587 457 adsperserit,
614 406 686 455 Nempe
698 419 751 444 venen
800 411 803 414 “

129 469 197 505 raudus
205 473 268 506 noster
278 470 366 515 Antistes,
375 469 392 505 si
405 469 498 506 Illustrem
506 469 593 516 Equitem
602 468 669 512 audias,
679 470 698 505 S.
707 468 753 516 Hip-

129 528 213 578 polytum
226 529 274 567 inter
295 530 357 567 Testes
378 529 485 578 Ignatianos
506 529 561 566 acciri
577 529 645 566 voluit:
664 541 699 579 quo
716 542 753 565 uno

131 592 213 640 exemplo
221 596 282 628 actum
292 603 330 628 esse
337 592 376 640 jam
385 591 410 627 ait
417 592 439 628 de
447 591 483 627 fide
492 595 510 628 et
519 591 652 628 existimatione
661 591 753 635 Pearsoni

130 653 224 689 Fortasse:
238 652 273 689 sed
282 652 357 689 interim
368 652 389 689 id
400 665 459 689 unum
468 652 523 698 deest,
532 656 554 688 ut
562 652 631 689 indicet
639 652 692 689 nobis
700 652 754 688 illus-

130 714 164 750 tris
178 715 238 762 Eques
253 726 288 762 quo
301 714 376 750 tandem
389 714 429 750 loeo
443 714 545 750 Pearsonus
560 713 687 763 Hippolytum,
704 714 755 750 velut

131 774 177 811 alter
190 774 311 822 AEsculapius,
321 777 394 811 mutum
403 776 421 809 et
429 777 523 820 mortmmr
533 774 639 810 interrivos
648 777 666 810 et
674 773 755 811 valentes

131 833 154 871 ad
160 833 285 886 testimonium
295 833 391 871 dicendum
397 833 538 871 resuscitaverit.
565 833 602 872 Qui
610 833 659 870 enim
668 833 754 871 Pearsoni

131 886 225 932 Vindicius
233 896 348 944 perlegerint,
357 898 427 943 negant
435 895 469 932 sibi
477 907 545 932 novum
553 895 603 931 himo
611 894 697 932 Virbium
705 894 754 932 iuter

132 956 194 993 Testes
202 969 278 1005 usquam
287 956 360 1009 obviinn
368 956 430 992 inisse.

102 1012 103 1015 ¹
155 1017 234 1055 interim
246 1030 282 1066 qua
295 1017 331 1066 ilde
343 1017 404 1065 Eques
412 1016 492 1053 illustris
501 1017 596 1064 ignatium
608 1030 619 1053 a
632 1017 678 1065 Syro
691 1016 754 1053 decur-

131 1080 191 1114 tatum
204 1078 314 1123 tractaverit,
324 1077 389 1126 quibus
402 1077 470 1113 artibus
483 1077 506 1113 ad
518 1076 613 1124 ingenium
621 1077 706 1123 Ecclesia
720 1089 756 1114 suae

131 1139 195 1175 Eutort
209 1139 273 1176 Socrati
284 1137 416 1182 reformaverit,
427 1137 450 1174 ab
463 1136 503 1173 aliis
511 1137 572 1185 potius
582 1149 637 1185 qnam
646 1150 694 1174 ame
702 1138 757 1175 velim

132 1198 227 1236 scisciteris
233 1204 245 1235 ⁰.
261 1245 262 1248 Ἰ
272 1198 326 1235 Certe
333 1210 343 1234 e
350 1196 473 1246 compatriotis
482 1196 539 1245 ipsius
547 1210 585 1234 non
591 1210 638 1246 unus
648 1203 756 1247 conquestus

132 1261 166 1303 est,
171 1259 238 1296 Virum
246 1258 336 1307 insignem
345 1262 384 1295 arte
391 1258 470 1306 quadam
478 1258 595 1306 diplomatica
600 1259 689 1296 Gritieum
698 1272 756 1307 agere,

133 1321 170 1368 qui,
178 1333 247 1357 novum
257 1320 307 1356 hune
315 1322 387 1355 textum
393 1322 464 1364 nactus
471 1318 494 1355 ab
503 1319 577 1366 Ignatio
586 1332 669 1356 amovere
681 1324 757 1357 conatus

133 1382 161 1416 est
174 1379 260 1428 quioquid
271 1378 300 1415 vel
313 1378 399 1415 Ecclesiae
408 1378 502 1424 Romanae,
510 1378 539 1415 vel
551 1379 698 1416 Protestuntibus
711 1381 759 1422 anti-v

134 1453 190 1492 quum
206 1453 276 1478 morem
291 1440 422 1487 obtinentibus
440 1439 525 1490 prodesse
541 1441 635 1489 potuisset,
653 1453 758 1480 conservare

134 1502 196 1539 autem
209 1506 297 1551 quantum
310 1514 378 1539 anova
387 1501 453 1538 Schola
466 1501 575 1538 Critioorum
583 1498 728 1550 Eubingeusiunr
741 1516 759 1540 se

133 1564 235 1600 immunem
249 1566 349 1611 praestaret.
376 1562 426 1600 outo
440 1561 517 1598 referam
526 1567 635 1609 commenta,
648 1567 669 1599 ut
681 1564 758 1601 honesto

133 1624 209 1660 nomine
216 1623 325 1671 'lllieophori
335 1623 384 1670 quod
392 1623 424 1658 vel
430 1622 508 1670 Syriaca
517 1621 608 1670 Eneerpta
616 1624 683 1671 passim
694 1625 759 1671 prafe-

135 1685 185 1726 runt,
196 1683 214 1719 S.
222 1681 317 1729 ignatium
328 1681 427 1728 spoliaret?
454 1681 503 1718 (auid
517 1681 584 1730 frigida
598 1684 653 1719 nimis
666 1688 684 1720 et
694 1685 759 1733 jejuna

135 1746 247 1792 argumenta,
265 1742 330 1791 quibus
346 1742 440 1778 ardentem
460 1741 549 1790 Martyris
570 1743 675 1790 orationem,
695 1745 757 1781 recisis

135 1804 195 1841 adhuc
203 1803 285 1853 pluribus
294 1802 394 1849 sententiis,
403 1802 462 1848 torsit,
471 1801 531 1851 fregit,
541 1807 559 1853 et
568 1804 690 1842 comminuit?
703 1804 757 1850 Mihi,

135 1865 199 1911 fateor,
208 1865 269 1903 nullus
277 1864 335 1901 restat
343 1863 414 1900 animus
422 1868 444 1900 nt
456 1863 550 1901 ostendam
558 1864 646 1914 Martyris
658 1866 733 1915 disjecta
741 1870 759 1903 et

136 1927 198 1963 luxata
215 1930 233 1962 et
250 1939 261 1963 a
279 1926 352 1974 Syriaca
364 1924 456 1961 maehoera
468 1924 543 1962 vindam
560 1926 666 1980 refrigerata
678 1928 760 1965 membra

155 2020 162 2034 ¹¹
172 2015 225 2045 Locum
235 2015 319 2045 exhibemus
328 2014 409 2048 reueonue,
418 2023 436 2042 ne
480 2014 507 2043 Vir
523 2015 545 2043 sui
560 2016 629 2052 temporis
644 2025 674 2045 non
685 2017 760 2052 minimus,

137 2054 189 2083 Versio
199 2054 270 2083 nostruin
281 2054 376 2090 suspicionem
385 2052 436 2082 eadat:
462 2052 524 2082 Thomas
531 2053 583 2088 Smith,
590 2054 615 2090 qui
624 2064 657 2083 eum
667 2054 737 2084 Pearsono
744 2052 761 2084 in

138 2094 147 2108 “
153 2093 201 2122 Dallie
208 2092 247 2121 steht
255 2092 292 2129 Jetzt
303 2092 335 2120 sehr
342 2090 413 2127 gltnzend
419 2089 438 2119 da
461 2091 575 2123 viviscersatus
590 2096 624 2127 erat,
637 2093 720 2122 testimonio
736 2104 761 2123 suo

138 2138 184 2166 gegen
191 2130 263 2159 Pearson’s
271 2129 372 2164 iibermi'itliige
378 2128 408 2157 und
414 2128 438 2156 lei·
463 2129 560 2165 comprobavit
566 2129 582 2158 id
589 2130 626 2166 quod
631 2130 687 2167 Scripta
694 2130 761 2160 Peursoni

138 2167 249 2198 denschaftliche
259 2167 318 2197 Krititr:
328 2167 359 2196 sein
368 2166 408 2195 Bueh
418 2166 438 2194 ist
463 2167 761 2206 omniaevincuut:¹‘Oompertumhabeo,”

136 2205 438 2243 ,eiuMeisterverkPhilorogisomrnutik
462 2206 516 2243 iuquit,
526 2208 557 2235 “ex
569 2207 641 2244 frequenti
653 2208 685 2244 ista,
700 2217 728 2245 qua
738 2218 761 2238 me

138 2246 169 2274 und
173 2244 439 2281 KirchengeschiohtliclrerEorschnng
463 2244 531 2281 diguatus
542 2248 564 2274 est
570 2245 598 2274 Vir
606 2246 682 2281 maximus,
691 2255 762 2277 eonversa-

138 2284 293 2314 mitvorselrauendeni
303 2284 349 2312 Euhie
358 2283 383 2312 der
390 2282 439 2311 Wahr-
463 2283 507 2319 tione,
513 2284 590 2319 neminem,
594 2285 624 2313 sive
628 2285 761 2323 interloquendum,

138 2323 174 2358 beit,
184 2322 251 2353 uthrend
262 2322 334 2351 Pearson's
347 2321 391 2350 Werlr
402 2321 439 2358 jetzt
464 2322 494 2351 sive
504 2323 543 2351 inter
555 2323 650 2358 scribendum,
659 2326 684 2352 aut
694 2324 762 2354 sedatiori

139 2361 187 2390 nichts
203 2361 244 2389 mehr
260 2361 281 2389 als
298 2360 321 2388 die
337 2360 440 2389 Schutzsehriit
464 2360 512 2389 animo
522 2360 762 2398 autexactiorijudieio,etiamin

139 2401 179 2428 eines
188 2399 281 2435 geschichten
290 2398 374 2427 Advocaten
384 2398 440 2427 heissen
464 2398 495 2434 ipso
506 2399 553 2435 primo
568 2408 616 2428 rerum
631 2403 704 2436 conceptu,
720 2401 762 2430 exsti·

139 2438 191 2473 kenu,¹'
208 2437 254 2476 (Alibi
270 2438 291 2465 est
307 2437 343 2465 “eiu
358 2436 440 2473 gevandter
464 2436 572 2467 auser—Prae
579 2437 595 2466 in
601 2437 648 2474 lguat.
655 2446 669 2475 p.
676 2439 694 2468 iv.
714 2438 762 2469 Probi-

140 2476 255 2511 Saohualterjp
263 2475 290 2511 69)
296 2475 369 2504 “uelelier
378 2476 410 2503 eine
416 2484 441 2504 un·
465 2476 510 2503 tatem
515 2483 547 2503 vero
554 2476 570 2504 in
576 2475 763 2514 Pearsonoleudureiujuria

139 2513 186 2543 vabre
192 2513 237 2542 Socho
243 2513 271 2542 mit
276 2512 317 2541 mehr
326 2512 440 2542 Gelehrsumkeit
465 2511 528 2543 Virtutis
534 2513 581 2543 fuerit.

139 2553 160 2581 als
172 2552 265 2581 Eedliehkeit
277 2552 307 2579 rud
320 2552 390 2581 Gevissen
402 2554 438 2580 vert-
481 2556 487 2570 ⁰
497 2551 535 2580 Vide
542 2552 569 2580 Die
576 2552 609 2581 Drei
615 2552 700 2581 tehtenunil
705 2553 763 2582 dievier

139 2589 197 2626 beidigt
212 2590 335 2625 hat.”—lgnetius
348 2598 376 2618 von
388 2587 439 2619 Antio·
464 2589 536 2618 untehten
548 2590 595 2620 Briefe
612 2591 637 2621 des
651 2591 720 2628 ignatius,
738 2592 761 2621 bc,

140 2628 218 2694 elrissep9und
225 2628 266 2656 Scine
271 2628 306 2656 Zeit.
312 2628 393 2663 Hamburg.
398 2629 438 2658 iser.
464 2628 518 2657 Hamb.
526 2628 566 2658 rsit.

139 2673 153 2701 p,
169 2683 172 2691 ‚
187 2688 190 2694 ,
409 2685 410 2690 ,
574 2687 576 2690 .
