1679 2935
243 103 272 143 'ss
284 115 425 155 sscsrrroumus
437 115 554 142 Vfflnlosuun.
677 109 713 146 173

51 238 53 240 .
81 209 83 211 ’
95 206 216 255 exemplaria?
230 219 254 242 au
268 206 314 242 scire
321 206 365 242 'ullo
378 205 433 242 modo
447 206 507 254 potuit
516 205 560 253 quid
571 217 605 241 nos
616 207 651 242 hac
663 211 716 243 aetate

95 266 210 314 legeremus?
236 266 257 302 Si
268 265 293 302 sic
302 265 383 302 Criticeu
391 277 473 302 exercere
485 265 560 313 placeat,
569 264 653 301 universa
660 265 716 302 Vete-
731 304 733 306 ,

95 315 137 364 rum
151 326 256 364 testimonia
271 325 428 374 incassurnlibris
444 325 511 362 nostris
527 324 623 362 doctorum
638 324 718 362 virorum

95 389 185 426 industria
197 389 285 437 praefixit:
300 399 340 436 quae
350 388 411 436 potius
422 388 442 424 in
454 391 547 435 posterum
558 385 648 424 eradenda
656 387 718 424 videu-

95 452 136 496 tur3
155 448 233 487 sienim
249 449 288 487 haeo
302 448 403 486 observatio
416 447 504 495 obtineat,
520 447 575 485 nihili
591 452 634 485 suut
651 447 718 491 omnia.

96 512 158 549 Verba
166 516 209 548 sunt
214 511 285 557 Dallaei,
295 513 307 530 “
314 510 369 550 Quod
375 510 424 547 euim
432 510 484 546 aiunt
489 509 586 558 ignatinus
594 509 642 558 apud
650 513 719 546 veteres

97 572 118 608 ab
127 573 173 608 orani
181 583 216 608 nno
225 572 288 609 Patres
293 571 337 618 pari
345 583 387 607 cum
395 570 495 607 Clementis
503 573 522 607 et
530 570 626 620 Polycarpi
633 569 720 619 Epistolis

96 633 194 668 reverentia
210 643 278 678 semper
294 631 355 675 misse,
372 631 392 667 id
407 631 464 667 miror
480 630 502 667 iis
519 631 604 667 excidisse
617 631 648 679 qui
664 630 719 679 probe

97 692 158 728 sciunt
165 695 261 739 utramque
272 690 320 727 hanc
328 690 429 739 Epistolam
441 689 463 727 ab
472 690 543 727 Irenaeo
554 692 625 739 maguis
635 691 720 728 laudibus

98 752 206 791 celebratam
217 751 277 798 fuisse,
287 755 306 790 et
315 751 449 790 clementinam
459 751 531 801 proprie
540 766 550 789 a
558 752 647 802 Dionysio
656 752 719 790 Corin-

97 809 137 852 thio
145 813 263 851 laudatam.”'
272 812 309 850 Sed
317 825 372 862 quare
379 813 484 851 “miretur'’
491 825 530 851 nou
537 814 595 860 m'deo,
601 827 643 851 cum
650 813 719 863 “probe

98 874 143 910 sciat
149 874 161 892 ’³
176 886 210 910 nec
226 875 244 910 S.
254 875 345 911 Irenaeum
358 875 441 910 “lianc’'
456 875 556 923 Polycarpi,
570 879 601 911 aut
614 875 718 920 Clementis,

98 945 132 970 neo
144 933 253 984 Dionysium
266 935 278 953 “
286 933 348 970 haud'
363 935 381 972 S.
390 933 489 971 Clementis
502 934 573 984 proprie
585 935 672 972 laudasse.
699 934 718 971 S.

99 995 165 1032 Irenaei
177 995 232 1033 verba
244 998 292 1039 sunt,
306 995 342 1031 sna
351 996 383 1031 dac
395 995 452 1042 ipitar
464 995 555 1040 Clemente,
569 996 675 1033 dissensione
685 1007 720 1031 non

98 1057 167 1093 anonam
175 1057 222 1093 inter
230 1068 259 1092 eas
267 1057 297 1103 qni
307 1056 387 1092 Carintdi
395 1058 452 1091 essent
458 1054 529 1101 senatres
537 1054 596 1101 sacta,
605 1056 720 1102 scripsitque

100 1120 125 1153 est
133 1116 283 1165 RonanbEcclesia
287 1116 421 1162 potentissimas
429 1116 491 1152 literas
502 1115 602 1152 Corinthiis.
624 1116 668 1153 Non
677 1115 721 1152 dicit

99 1177 146 1213 hanc
162 1177 263 1225 Epistolam
280 1189 334 1224 quam
350 1188 400 1213 nuuc
416 1175 503 1212 habemus
520 1176 544 1212 ad
557 1176 661 1213 Corinthios
676 1179 722 1213 tunc

99 1237 154 1274 fuisse
166 1237 252 1287 scriptam
256 1253 262 1283 i
275 1249 314 1274 uon
324 1237 401 1273 affirmat
412 1237 465 1282 hauc,
475 1249 498 1274 ue
508 1237 565 1273 ullam
577 1237 650 1285 quidem
662 1251 673 1274 a
682 1237 721 1275 Cle-

100 1301 161 1334 meute
173 1297 229 1334 tuisse
241 1289 337 1334 exaratam.
357 1298 391 1334 ·De
404 1297 499 1346 Polycarpi
511 1297 594 1345 Epistola
607 1298 647 1334 haec
659 1298 721 1334 habet.
759 1336 762 1346 ἱ

100 1358 136 1394 Est
148 1362 206 1394 antem
214 1362 232 1393 et
239 1358 322 1406 Epistola
329 1358 426 1404 Polycarpi
438 1358 464 1392 ad
470 1358 592 1405 Philippenses
603 1358 670 1405 scm'ptn
679 1369 722 1406 per·

96 1419 206 1466 featissima,¹
219 1430 241 1455 en
255 1430 289 1466 pan
304 1420 424 1462 characterem
434 1417 480 1465 fidei
493 1419 536 1465 ejas,
549 1422 567 1455 et
576 1419 722 1465 pradicationem

100 1480 186 1525 veritatis,
203 1480 233 1526 pni
249 1479 314 1524 nolant,
329 1482 347 1514 et
361 1490 422 1515 cacam
434 1479 499 1515 nahem
515 1491 550 1515 snae
564 1480 722 1527 salntis'possnnt

101 1539 172 1575 discere.
198 1538 242 1576 Non
256 1539 334 1575 affirmat
350 1538 426 1575 eandem
440 1538 541 1587 Epistolam
555 1552 595 1576 eam
611 1540 667 1577 tuisse
681 1552 721 1588 quae

101 1596 150 1633 nuuc
159 1601 222 1642 exstat,
233 1598 271 1645 imo
279 1599 350 1633 nullum
358 1598 544 1641 characteremtradit
554 1600 720 1647 huic'peculiarem.

101 1658 130 1695 De
139 1658 237 1696 Clementis
245 1657 326 1707 Epistola
335 1658 433 1708 Dionysius
442 1658 577 1696 Corinthiorum
585 1660 690 1708 Episcopus,
699 1660 723 1697 ad

103 1720 184 1756 Soterem
196 1719 259 1756 Romae
271 1718 380 1767 Episcopum
393 1718 432 1755 haec
445 1718 513 1765 Scribit,
526 1719 666 1756 Haalie'sacrnm
677 1721 723 1757 diem

102 1780 213 1824 Darainicnm
226 1780 386 1827 trnasepimns;'ia
398 1791 431 1827 qno
444 1779 545 1827 Epistulam
556 1784 633 1818 nestram
646 1782 724 1830 lepimns,

103 1853 154 1888 paam
168 1841 237 1889 qnidam
246 1844 332 1889 perpetno
348 1841 428 1888 deinceps
442 1843 517 1889 tepentes
526 1843 602 1889 perinde
614 1855 635 1880 ac
644 1845 724 1890 priorem

102 1903 152 1939 illam
163 1903 212 1938 nobis
225 1914 236 1938 n
247 1903 333 1939 Clemente
341 1903 426 1949 scrirrtnm
434 1903 540 1948 Epistolam,
550 1905 620 1950 optimis
630 1905 725 1952 preceptis

103 1975 124 1998 ac
133 1963 239 1998 documentis
248 1963 379 1999 abnndadimns.
405 1962 468 1999 Tradit
477 1963 550 2010 quidem
559 1967 577 2000 et
585 1964 616 2000 ille
624 1965 725 2012 Epistolam

103 2018 194 2071 parandam
208 2035 220 2059 a
232 2023 329 2061 Clemente
343 2023 366 2059 ad
380 2023 483 2061 Corinthios
497 2023 583 2071 scriptam
597 2021 658 2070 fuisse,
672 2028 690 2061 et
704 2024 725 2061 iu

103 2083 185 2120 Ecclesia
200 2084 277 2120 lectam:
294 2078 334 2120 nou
347 2082 391 2120 dicit
407 2083 460 2129 lianc,
474 2096 528 2135 quam
542 2085 608 2122 lunius
624 2098 646 2123 ex
658 2085 725 2124 Codice

103 2144 161 2194 Regio
177 2144 275 2194 descripsit,
291 2146 337 2181 eam'
347 2143 464 2190 lirisseyimo
478 2145 536 2194 qualis
552 2146 584 2182 illa
599 2146 655 2184 tirerit
670 2160 725 2196 quam

104 2206 195 2242 Corinthii
205 2206 291 2253 legebant
302 2205 353 2242 nullo
363 2205 417 2242 modo
426 2205 544 2254 depingit‚‘ut
553 2211 634 2244 nostram
646 2207 669 2244 ad
676 2207 724 2243 illius

104 2265 226 2303 characterem
234 2264 337 2302 examinare
350 2278 448 2312 possemus.
474 2267 499 2302 Et
507 2270 569 2303 tamen
581 2267 620 2303 haec
631 2267 696 2303 irenaei
705 2272 724 2303 et

104 2325 190 2376 Dionysii¹
199 2325 305 2364 testimonia
318 2324 341 2363 ad
349 2326 483 2364 Clementiuam
491 2328 591 2376 Epistolam
604 2329 723 2365 statuminan-

104 2387 146 2425 dam
154 2401 240 2437 maguam
248 2389 285 2426 vim
293 2377 359 2425 habere
367 2388 436 2433 volunt,
445 2388 540 2437 Polycarpi
548 2392 609 2426 autem
617 2389 723 2439 suffragium

104 2452 123 2484 et
135 2449 193 2487 multo
205 2449 296 2499 antiquius
310 2451 363 2498 atque
372 2448 455 2486 disertius
468 2449 491 2486 ed
502 2449 571 2497 Ignatii
582 2443 723 2499 Epistolas'cou-

105 2507 201 2543 firmandas
208 2510 262 2556 plau'e
269 2510 344 2545 nullam.
715 2524 717 2526 ’

130 2565 175 2603 Haec
187 2579 229 2604 cum
241 2569 296 2605 unica
310 2570 334 2606 sit
348 2568 432 2620 objectio,
441 2581 481 2618 quae
493 2568 564 2618 proprie
576 2568 613 2607 vim
625 2570 726 2608 testimonii
