1747 2957
173 184 210 232 228
328 210 341 233 a
357 195 466 225 ressuroun
478 197 568 235 onronnrs,
581 196 619 225 nro.
628 204 638 207 ·⁴

173 290 226 335 prete
243 288 363 341 Hieronymo.
389 292 479 330 Quaenam
495 294 557 328 erstem
573 303 596 327 en
608 290 631 327 iis
641 290 671 332 ,ite
682 287 797 336 interpolatae

175 352 223 396 sunt,
234 352 246 369 “
251 354 272 387 nt
284 351 327 401 qnid
340 352 363 389 sit
377 352 494 402 Origenioum
501 350 579 400 intelligi
586 363 625 389 non
632 351 718 399 possit?’'
744 350 797 388 Idem

175 411 250 446 omnino
264 411 286 447 de
299 413 385 449 Homiliis
396 413 417 448 in
429 414 499 449 Lucem
511 412 630 457 sentiendum,
640 412 661 447 in
674 411 739 459 quibus
750 411 797 447 nihil

176 470 259 509 additum
275 472 376 511 observarit
390 473 473 511 Ruffinus
490 476 555 521 praeter
568 471 609 516 ista,
623 473 635 492 “
641 474 696 519 etque
707 471 796 508 naturael’

178 530 251 568 Sartum
260 531 316 583 igitur
322 536 393 571 tectum
401 537 429 571 cst
437 533 483 570 illud
492 546 514 570 er
522 532 604 570 Homilio
612 535 663 569 sexta
670 531 797 568 testimonium

176 604 209 638 pro
217 593 297 640 Ignatic.
307 584 310 592 κ’
502 635 503 638 ¹

202 653 379 691 Commentariorum
389 654 410 690 in
419 655 515 691 Canticum
524 654 641 691 nauricorum
649 653 727 690 fatemur
736 653 797 690 inter-

176 715 246 758 pretem
260 712 315 748 tuisse
330 713 433 756 Ruffimum
447 724 506 760 neque
521 714 617 757 tamenin
631 713 667 756 illis
682 711 797 749 concedimus

177 770 238 817 “quid
249 770 277 819 sit
295 770 412 818 Origenionm
428 771 507 820 intelligi
522 785 561 809 non
573 774 644 820 posse.”
669 773 729 821 Ipsius
738 819 740 821 Ι
749 773 798 809 enim

176 830 241 868 Dallaei
249 831 312 879 regula
320 836 348 868 est
355 832 420 869 ultimo
433 832 492 880 capite
504 832 597 880 explicata,
608 833 656 869 “illo
667 834 688 868 in
697 822 798 881 Origeniois

177 891 269 943 uRuffino
277 892 401 942 interpretatis
414 897 498 942 suspecte
506 906 544 930 esse
556 894 626 939 debere,
640 905 680 941 quoe
692 893 703 930 'a
713 894 762 931 notis
770 894 799 931 vel

176 955 262 1001 Auctoris
270 954 332 1001 ipsius,
339 955 368 990 vel
375 955 413 1001 ejus
421 966 455 1002 quo
461 956 505 990 vixit
512 955 573 990 soeculi
578 954 649 1001 placitis
658 957 712 1005 atque
718 944 799 990 moribus

122 1051 124 1054 ,
177 1013 267 1051 abludunt
271 1029 277 1059 ;
291 1017 309 1050 et
318 1014 334 1050 si
342 1027 382 1063 quee
389 1013 411 1051 iis
420 1027 518 1062 congruere
527 1013 603 1051 aliunde
608 1017 685 1061 constet,
692 1028 714 1050 eu
721 1015 799 1051 vernias

177 1086 216 1111 esse
224 1086 257 1123 pro
263 1075 349 1114 Auctoris
358 1075 442 1124 genuinis
453 1075 568 1125 agnoseerc.”
584 1076 609 1112 Et
618 1087 640 1112 er
648 1075 729 1123 hncipsa
736 1075 799 1123 regula

178 1147 199 1172 ea
207 1136 345 1184 qneeOrigeues
354 1137 406 1173 affert
412 1149 445 1185 pro
454 1148 518 1181 autore,
531 1136 551 1173 in
564 1136 704 1173 Commentariis
716 1137 737 1173 in
749 1137 799 1174 Cen-

177 1197 215 1233 tica
227 1209 260 1244 pro
274 1197 329 1245 ipsius
343 1197 426 1245 genuinis
441 1193 562 1245 agnoscimus,
573 1198 614 1244 quia
626 1197 648 1233 ab
661 1197 718 1244 ipsius
728 1197 799 1244 placitis

179 1267 218 1292 non
232 1256 331 1293 abludunt:
353 1261 372 1292 et
387 1257 514 1301 testimonium
531 1257 601 1303 Ignatii
616 1257 684 1304 pariter
699 1257 799 1302 genuinum
858 1305 859 1308 Ἴ

131 1317 133 1319 ’
180 1316 326 1366 pronunciamus,
334 1315 376 1365 quia
384 1329 406 1353 ex
415 1316 496 1353 Humilia
503 1317 523 1353 in
532 1317 601 1354 Lucam
610 1329 652 1353 eum
660 1316 741 1365 ejusdem
747 1317 799 1353 Mar·
810 1341 812 1344 .

87 1429 136 1460 Aliter

87 1478 130 1504 nuuc,
137 1471 157 1497 ut

87 1515 115 1543 que
121 1507 160 1542 olim,

88 1546 133 1571 sentit
139 1545 157 1572 de

88 1579 154 1616 Origenis

180 1378 226 1425 tyris
234 1368 360 1414 testimonium
369 1370 472 1414 adlnbuisse
480 1377 568 1414 novimus.

205 1438 230 1474 Et
242 1438 278 1474 fuit
290 1438 362 1485 quidem
373 1438 417 1482 olim
428 1451 469 1475 cum
477 1438 556 1475 Dallaeus
564 1438 602 1486 ipse
610 1438 648 1474 heco
658 1436 741 1485 Origenis
749 1436 800 1473 testi-

180 1498 242 1536 monio
254 1511 287 1546 pro
300 1498 374 1546 ignatio
384 1498 473 1546 'reciperet
486 1502 540 1546 atque
553 1499 697 1545 amplecteretur,
710 1510 752 1533 cum
765 1497 802 1533 suis

181 1557 388 1599 Catonibnsccntentus
396 1562 448 1604 esset,
457 1570 491 1594 nec
500 1557 558 1593 adhue
567 1556 588 1593 in
599 1556 645 1593 illud
653 1555 744 1592 somnium
753 1555 801 1603 quod

87 1618 171 1648 tenimento
179 1630 238 1666 nuper
250 1617 340 1666 evulgavit
352 1618 451 1656 incidisset.
476 1618 527 1655 Num
539 1617 562 1654 de
575 1617 652 1666 Jejuniis
665 1621 683 1653 et
697 1616 803 1664 orianegn-

86 1655 153 1686 Dallaeus.
190 1678 194 1684 .

181 1689 227 1713 sime
234 1678 296 1714 lib.iii.
306 1690 344 1725 cap.
352 1679 369 1714 t.
379 1678 425 1714 “Ex
432 1678 502 1725 Ignatii
509 1677 613 1726 Epistolis,”
623 1676 692 1728 inquit,
698 1675 803 1712 “nomine

180 1738 238 1773 citent
252 1741 321 1774 veteres
332 1730 384 1774 tertii
401 1738 496 1786 quartique
511 1737 570 1774 seeouli
585 1737 691 1788 Scriptores,
708 1735 801 1784 Origenes,

180 1798 276 1843 Eusebius,
291 1798 414 1844 Athanasius,
427 1798 556 1847 Hieronymus,
573 1798 703 1839 Thectlorctus
720 1796 802 1833 Gelasius

180 1858 293 1905 nouantur
320 1858 340 1895 Si
350 1857 441 1905 Origenes
456 1857 506 1894 tertii
523 1856 589 1902 saeculi,
603 1860 621 1892 et
634 1855 707 1903 quidem
719 1855 802 1903 nondum

180 1918 238 1954 adulti
247 1919 334 1967 Scriptor,
342 1918 432 1954 nonnulle
444 1930 465 1954 ex
478 1917 547 1966 Ignatii
558 1915 645 1964 Epistolis
655 1915 722 1962 citavit,
732 1916 802 1953 fatente

180 1978 260 2015 Danaeo:
274 1990 328 2026 quom
336 1978 424 2026 iniquum,
430 1978 467 2014 imo
475 1989 529 2026 quem
534 1976 631 2013 ridiculum
640 1979 673 2021 est,
681 1976 801 2025 impostorem

181 2050 260 2087 quaerere
271 2039 303 2087 qui
315 2039 338 2074 ad
349 2037 405 2076 finem
416 2039 467 2076 tertii
479 2043 511 2076 eut
522 2038 596 2075 mitium
609 2037 669 2087 quarti
682 2050 711 2075 eas
722 2038 806 2087 primum

181 2099 254 2136 finxerit
263 2103 294 2135 eut
301 2099 424 2147 publicaverit.
